2893 4778
843 366 1054 413 mssa
1109 366 1159 412 1.
1218 382 1307 395 -
1362 363 1521 413 cn.
1574 365 1628 411 1.
2157 341 2294 415 165

184 484 348 553 Illud
398 510 657 578 quoque
714 486 1113 553 monendum
1162 497 1255 551 est
1289 537 1306 565 ‚
1368 499 1439 551 ut
1475 485 1873 552 correctoriae
1920 483 2126 578 leges,
2167 511 2298 578 quo

188 603 528 667 minimum
573 626 612 666 a
644 606 787 688 jure
809 601 1052 690 1usitato
1089 598 1449 665 recedentes
1487 599 1917 690 accipiantur,
1955 625 2104 668 cum
2133 626 2302 669 non-

187 717 301 781 nisi
326 768 344 795 ‚
413 715 532 782 ubi
573 712 829 781 evidens
893 712 1131 779 utilitas
1185 713 1252 778 id
1304 712 1524 806 suedet
1557 765 1572 792 ‚
1625 712 2046 805 legislatorem
2084 741 2121 782 a
2159 720 2299 803 jure

189 841 440 921 recepto
484 826 782 895 recedere
825 825 1017 906 velle,
1050 825 1441 893 credendum
1479 828 1558 892 sit
1590 832 1737 912 '(1).
1816 857 1817 864 ¹

275 970 377 1013 20.
425 942 629 1034 Quod
656 941 930 1009 multum
961 941 1357 1034 disputatum
1396 940 1520 1007 fuit
1551 947 1699 1028 (2):
1743 966 1824 1008 an
1849 942 2301 1028 jurisconsultis

192 1061 403 1144 liceat,
456 1065 765 1134 vitiosum
808 1039 965 1155 legis
1010 1075 1258 1130 textum
1291 1112 1308 1140 ‚
1347 1060 1446 1128 vel
1477 1060 1872 1150 conjiciendo
1913 1085 2129 1129 veram
2172 1063 2326 1131 lec-'

194 1189 397 1243 turam
434 1228 451 1257 ,
511 1169 880 1268 corrigere,
930 1188 1002 1242 ut
1054 1178 1125 1241 in
1180 1174 1401 1242 multis
1445 1179 1602 1263 juris
1653 1179 1905 1242 romani
1977 1175 2106 1245 loci
2159 1177 2300 1245 fieri

193 1289 382 1358 solet?
411 1314 494 1358 eo
526 1289 960 1360 definiendum
994 1291 1116 1357 erit
1139 1341 1157 1368 ‚
1205 1302 1275 1355 ut
1300 1341 1317 1370 ‚
1359 1291 1412 1354 si
1445 1291 1788 1382 probatum
1820 1290 2048 1372 fuerit,
2102 1294 2297 1360 verba

203 1406 265 1468 in
284 1404 426 1497 lege
456 1404 625 1474 male
652 1428 775 1469 esse
804 1405 1010 1496 posita
1036 1401 1138 1474 vel
1155 1415 1459 1496 corrupta
1481 1455 1498 1483 ‚
1536 1402 1634 1470 vel
1672 1404 1938 1495 phrasin
1971 1401 2302 1474 scribentis

201 1518 435 1583 incuria
492 1518 788 1584 vitiosam
828 1567 846 1596 ‚
921 1514 1350 1582 dubitandum
1407 1539 1543 1583 non
1596 1518 1680 1582 sit
1711 1567 1728 1593 ‚
1820 1529 2089 1584 textum‘
2125 1543 2303 1610 posse

202 1631 422 1699 mutari
465 1644 657 1722 atque
702 1629 964 1720 corrigi]
1011 1630 1180 1696 Nam
1215 1628 1282 1695 id
1327 1654 1446 1722 pro
1491 1628 1630 1721 lege
1669 1627 2077 1713 habendum,
2122 1633 2301 1724 quod

204 1744 515 1848 legislator
557 1745 749 1812 scribi
795 1745 998 1816 voluit
1033 1798 1050 1827 ,
1105 1770 1314 1840 neque
1369 1745 1437 1812 id
1481 1744 1656 1844 quod
1699 1745 1838 1814 fato
1881 1746 2097 1845 aliquo
2136 1748 2301 1818 male

204 1870 497 1954 scriptum
533 1860 881 1928 invenitur.

212 2079 235 2161 §
267 2078 367 2143 111.
416 2041 534 2144 De
578 2074 829 2168 legibus
873 2081 1085 2144 causis
1130 2080 1261 2145 ,ςιιιῖς
1306 2091 1490 2144 recte
1534 2077 2127 2151 accommodandis.
2149 2079 2299 2168 (3).

294 2313 365 2355 21
383 2336 401 2354 .
448 2285 987 2356 Jurisconsultum
1029 2287 1197 2382 leges
1244 2292 1441 2358 causis
1478 2290 1604 2360 suis
1648 2297 1818 2358 recte
1855 2291 2305 2370 accommoda-

211 2414 415 2471 tarum
450 2406 628 2472 varia
665 2403 1060 2471 considerare
1104 2418 1379 2496 oportet.
1432 2407 1726 2472 Primum
1774 2408 1949 2472 enim
1993 2424 2306 2477 antonem
2410 2422 2415 2427 '
2520 2398 2521 2401 Ἴ

217 2542 384 2585 tems.
415 2542 595 2587 nosse
658 2517 847 2584 debet
907 2523 948 2585 i.
1002 2543 1060 2587 e.
1115 2544 1368 2589 causam
1401 2572 1418 2600 ‚
1485 2545 1613 2612 qua
1657 2522 1798 2589 ‚sive
1855 2520 1941 2586 ob
1980 2512 2321 2612 publicani⁴

214 2630 546 2699 utilitatem
592 2644 659 2699 et
698 2634 1130 2731 necessitatem
1165 2686 1182 2714 ‚
1237 2636 1368 2701 sive
1409 2635 1495 2700 ob
1506 2622 1727 2727 ‘ipsius
1775 2656 2020 2704 normae
2074 2637 2310 2727 praeci-

213 2746 452 2840 piendae
498 2748 806 2836 justitiam
870 2760 936 2814 et
998 2749 1361 2844 aequitatem
1424 2747 1748 2842 legislator
1801 2749 2179 2817 movebatur
2226 2748 2311 2819 ad

300 3073 401 3153 (1)
442 3074 511 3134 L.
563 3094 599 3134 2
629 3119 646 3149 ,
685 3074 769 3135 D.
821 3093 843 3133 1
874 3118 895 3151 ,
946 3072 1009 3152 4.
1064 3072 1174 3153 (de
1212 3084 1409 3136 const.
1444 3074 1644 3159 princ.
1669 3072 1691 3153 )
1717 3093 1738 3153 3
1768 3074 2078 3150 Thibaut,
2112 3069 2158 3132 l.
2190 3060 2259 3133 c.
2288 3117 2311 3150 ,

228 3176 258 3260 §
297 3200 369 3240 20
400 3202 421 3259 3
453 3181 775 3257 Mailher‚
820 3178 867 3241 l.
918 3199 972 3240 c.
999 3225 1021 3257 ‚
1063 3201 1129 3262 p.
1188 3179 1345 3260 146,
1390 3191 1454 3244 et
1496 3202 1627 3265 seq.
2264 3162 2271 3169 ’

303 3314 403 3390 (2)
463 3310 545 3373 V.
614 3310 867 3392 Disput.
935 3308 1102 3370 inter
1163 3308 1279 3370 cel.
1361 3310 1632 3372 Dzibaut
1661 3356 1680 3386 ,
1728 3310 2018 3371 ‘The-orie
2091 3307 2120 3390 §
2194 3300 2315 3385 44;

234 3414 567 3477 Versae-hel
593 3464 609 3491 ,
639 3433 731 3476 no.
783 3414 889 3489 16,
930 3417 1387 3497 et‚Feuerbach
1411 3464 1427 3494 ,
1466 3417 1529 3476 V
1530 3417 1779 3477 ersucbe
1805 3461 1826 3494 ,
1865 3433 1960 3477 no.
2007 3416 2066 3475 3.
2112 3414 2208 3474 De
2245 3434 2320 3473 ea

232 3520 559 3600 Hufeland
573 3522 932 3588 Handbuclz
949 3566 966 3598 ‚
982 3521 1055 3582 B.
1080 3522 1131 3582 I.
1153 3570 1169 3598 ,
1195 3539 1288 3583 n0.
1313 3543 1376 3596 2,
1400 3545 1462 3606 p.
1485 3544 1563 3607 70
1586 3535 1649 3585 et
1670 3543 1840 3604 seq.;
1867 3520 2322 3605 Spangenberg

236 3626 624 3709 Einleitung,
664 3651 726 3712 p.
762 3625 878 3706 243
905 3627 928 3702 ,'
966 3639 1029 3688 et
1074 3650 1266 3710 pauca
1313 3631 1603 3690 Alaillzer-
1627 3676 1644 3706 ,
1688 3652 1751 3711 p.
1796 3626 1880 3690 88
1909 3673 1925 3703 ,
1967 3646 2072 3708 9ο.
2115 3626 2320 3687 Caete-

233 3754 357 3796 rum
402 3735 602 3798 multi.
641 3732 1012 3818 interpretes
1051 3747 1184 3796 arte
1223 3736 1437 3798 critica
1482 3735 1661 3797 abusi
1703 3745 1853 3796 sunt
1885 3780 1903 3811 ,
1955 3735 2122 3793 inter
2159 3740 2320 3814 quos

237 3844 529 3906 notandus
574 3854 671 3911 est
704 3842 818 3905 cel.
860 3846 941 3905 G.
986 3844 1210 3906 Noodt.

298 3973 398 4051 (3)
439 3970 686 4054 Regulae
716 3971 836 4034 hoc
875 3973 1014 4037 loco
1052 3974 1335 4059 expositae
1377 3971 1569 4054 vulgo
1611 3991 1728 4053 pro
1769 3965 2312 4053 interpretationis

230 4079 440 4162 regulis
474 4081 908 4163 accipiuntur.
