2893 4778
985 349 1509 398 m'r‘nonucrro.
1602 332 1609 339 ‘
1975 354 1980 357 -
2210 329 2300 428 57

282 478 380 563 ζ’.
425 478 493 545 N
494 475 720 545 ovellae
763 487 879 542 aut
922 498 1125 568 graece
1173 486 1509 565 supersunt
1547 486 1657 540 aut
1679 472 1872 541 latine
1914 462 2017 562 (in
2048 476 2305 570 vulgata

200 580 267 660 ‘ut
292 607 552 660 vocatur
579 589 777 657 medii
798 591 917 658 aevi
951 591 1273 673 versione)
1302 616 1321 670 ς
1349 613 1547 679 usque
1587 588 1672 654 ad
1703 614 1942 655 annum
1983 590 2138 657 1531
2167 592 2305 660 haec

206 706 319 773 sola
364 710 434 771 in
476 704 874 772 editionibus
916 715 1170 794 recepta
1221 713 1374 767 erat.
1421 699 1562 766 Hoc
1611 725 1780 766 anno
1839 727 2121 793 graecum
2141 752 2146 759 -
2168 706 2232 771 N
2234 731 2310 772 o-

208 820 499 888 vellarum
561 830 817 885 textum
873 816 1161 909 vulgavit
1217 814 1297 882 G.
1348 813 1740 895 Haloander‚
1792 818 2025 906 quibus
2092 818 2309 910 plures

210 935 670 1002 constitutiones
718 946 902 999 antea
941 931 1294 1023 incognitas
1342 926 1592 994 addidit
1609 980 1626 1007 ‚
1665 942 1741 995 ut
1773 930 2124 1020 publicaret
2161 934 2308 999 No·-

211 1048 377 1117 vellas
417 1070 700 1114 numero
758 1045 1066 1130 CXLIII3
1112 1058 1256 1137 post
1301 1068 1452 1109 eum
1494 1044 1588 1109 H.·
1625 1042 2023 1135 Scrimgerus
2074 1070 2309 1115 novam

212 1165 629 1229 recensionem
660 1185 881 1226 earum
909 1159 1261 1252 publicavit
1291 1170 1357 1223 et
1377 1160 1508 1245 jam
1531 1155 1773 1222 CLXII
1812 1159 2307 1228 constitutiones.

214 1280 392 1346 Novae
432 1291 673 1345 secutae
710 1277 922 1343 latinae
970 1279 1283 1345 versiones
1307 1275 1505 1344 veluti
1554 1272 1840 1342 Duareni
1905 1278 2097 1357 1560,
2145 1280 2312 1345 Rus-

212 1392 358 1460 nardi
420 1393 593 1482 1567
619 1443 637 1472 ‚
696 1403 762 1457 et
811 1389 1058 1483 Agylaei
1118 1388 1318 1470 1560,
1381 1412 1527 1480 quae
1578 1388 1808 1456 ultima
1860 1392 2312 1481 posterioribus

214 1504 565 1598 praephcuit
599 1504 965 1571 editoribus.

285 1621 609 1685 Numerus
632 1618 1047 1687 Novellarum
1064 1631 1288 1710 ‘postea
1325 1630 1545 1684 auctus
1579 1617 1790 1710 plures
1816 1621 2102 1688 continet
2129 1644 2313 1689 cons-
2410 1689 2414 1693 .

218 1734 525 1799 titutiones
574 1759 613 1797 a
650 1732 1004 1799 Justiniano
1050 1756 1185 1797 non
1219 1734 1492 1797 emissas.
1541 1733 1963 1801 Novissimam
2000 1736 2315 1835 reeensio-

218 1871 346 1913 nem
377 1850 710 1939 utriusque
743 1861 950 1913 textus
992 1871 1211 1912 earum
1254 1847 1602 1939 publicavit
1647 1850 2054 1942 Hombergh‚
2099 1876 2120 1917 1
2136 1875 2305 1944 717,

220 1986 398 2055 eaque
443 1964 515 2028 in
555 1960 837 2029 editione
863 1961 1269 2054 Gottingensi
1308 1975 1552 2030 servata
1590 1967 1697 2049 (1)
1729 1998 1748 2045 ,·
1809 1987 2003 2057 1797·

978 2153 1094 2237 «ς
1169 2150 1452 2218 xxvn.

240 2350 243 2357 2
345 2313 458 2380 De
501 2313 997 2386 notabilzbribus
1035 2320 1327 2408 corporis
1368 2318 1548 2409 juris
1595 2295 1991 2380 editionibus
2039 2315 2118 2399 (2
2134 2319 2183 2403 ).

304 2479 685 2570 Editionum
723 2512 1007 2597 corporis
1035 2506 1193 2590 juris
1226 2507 1474 2572 romani
1519 2529 1668 2573 cum
1707 2506 1937 2598 ingens
1971 2513 2076 2570 sit·
2091 2529 2320 2571 nume-

226 2637 357 2696 rus,
409 2642 622 2709 operae
671 2620 955 2711 pretium
1002 2633 1123 2699 est,
1163 2622 1554 2712 optimarum
1599 2621 1768 2686 inter
1813 2617 1950 2684 illas
2000 2617 2151 2686 dare
2188 2643 2318 2685 no·-

229 2731 437 2798 titiam.
509 2734 912 2802 Examinatae
968 2759 1192 2802 earum
1266 2736 1559 2828 plurimae
1623 2748 1771 2803 sunt
1835 2737 1917 2801 ab
1986 2736 2063 2802 iis
2095 2786 2112 2818 ‚
2206 2737 2320 2828 qui

305 3028 410 3108 (ι)
453 3026 614 3091 Cum
661 3043 835 3094 textu
896 3054 1089 3115 graeco
1147 3037 1459 3098 versiones
1500 3033 1752 3115 vulgata
1797 3043 1861 3094 et
1907 3030 2321 3113 Hombergica

235 3133 482 3197 redditae
527 3150 696 3203 sunt.
745 3141 1186 3200 Recentissime
1228 3140 1527 3223 quasdam
1553 3137 1846 3200 Novellas
1872 3137 2135 3215 Ιαιίηαε,
2171 3159 2324 3218 quas

234 3255 332 3304 aut
372 3267 501 3306 non
565 3247 835 3328 integras
893 3245 1306 3322 habebamus,
1363 3257 1472 3306 aut
1522 3245 1706 3306 aliter
1748 3266 1958 3308 versas
1988 3290 2006 3321 ,
2041 3243 2326 3328 vulgavit

234 3350 496 3433 savigny
546 3353 614 3412 in
663 3351 1067 3433 Zeitsclzrifl,
1107 3351 1151 3413 l.
1195 3374 1250 3414 c.
1283 3354 1369 3412 T.
1407 3356 1515 3429 II,
1553 3375 1619 3432 p.
1672 3350 1968 3412 128-136.

308 3485 426 3564 (α)
456 3485 688 3546 Omnes
715 3485 1016 3549 editiones
1055 3485 1392 3549 secundum
1424 3485 1720 3567 temporis
1747 3485 2026 3546 ordinem
2047 3483 2324 3567 primum

240 3603 556 3652 enumerat
586 3592 1024 3675 spangenberg
1047 3596 1113 3654 in
1141 3614 1328 3675 opere
1359 3593 1688 3674 saepissime
1733 3590 1984 3653 laudato
2007 3635 2025 3662 ‚
2069 3611 2134 3672 p.
2167 3587 2328 3650 650-

234 3697 366 3776 930.
441 3699 729 3779 Optimae
791 3699 869 3760 de
946 3702 1022 3760 iis
1083 3702 1336 3762 notitias
1404 3699 1585 3760 dedit·
1642 3699 1886 3758 Berriat
1960 3696 2322 3770 st.-Prix‚

233 3823 290 3882 p.
331 3803 603 3887 249-277
623 3844 649 3879 ,
698 3807 870 3887 cujus
916 3806 1123 3868 studio
1168 3828 1406 3885 summa
1452 3806 1604 3865 fides
1650 3803 1936 3864 habenda
1985 3813 2100 3863 est.
2150 3801 2323 3862 Lau-

234 3909 464 3971 dandus
499 3910 773 3992 denique
809 3912 1024 3974 Cunus
1047 3961 1064 3989 ‚
1115 3914 1346 3974 Lettres
1366 3933 1474 3973 sur
1493 3913 1559 3973 la
1583 3911 1944 3995 profession
1976 3908 2276 3971 d'avocat
2296 3956 2314 3987 ,

233 4027 287 4073 et
317 4016 712 4102 bibliotheque
757 4020 984 4079 choisie
1029 4019 1137 4080 des
1183 4019 1362 4080 liures
1419 4019 1498 4079 de
1561 4017 1757 4088 divit,
1823 4015 1913 4093 4⁰.
1962 4017 2107 4080 e'dit.
2138 4055 2157 4097 5
2186 4037 2324 4100 pae-

237 4123 358 4183 Mr.
413 4124 661 4210 Dupin.
712 4127 905 4190 Paris
950 4126 1142 4207 1818,
1199 4148 1235 4190 2
1266 4128 1392 4189 vol.
1423 4175 1440 4204 ‚
1496 4126 1571 4188 Τ.
1610 4147 1672 4205 1,
1709 4148 1773 4210 p.
1809 4123 2031 4211 87-95.
