2893 4778
556 324 647 372 20
884 320 1390 372 COMMENTARH
1442 322 1641 371 smus
1696 319 1977 371 nolum
2026 317 2342 372 PRIVATI.

544 462 755 513 autem
791 448 863 512 hi
898 449 1297 538 magistratus
1328 446 1534 511 edicta
1576 472 1686 512 sua
1728 460 2176 538 componentes
2202 447 2645 538 praestantissid

544 588 679 628 mos
710 561 1031 628 consulere
1071 559 1355 626 solebant
1397 562 1781 651 jurisperitos
1808 612 1825 640 ,
1867 574 1933 627 et
1974 585 2090 652 pro
2123 584 2373 626 summo
2401 560 2646 625 honore

541 666 929 755 habebatur,
995 675 1046 739 si
1075 677 1213 762 quis
1261 673 1542 738 edictum
1600 699 1786 739 suum
1828 676 1989 740 bene
2046 675 2462 764 composuisse
2515 672 2647 738 dici

540 801 747 879 posset
789 793 905 871 (1).
943 786 1213 850 Factum
1265 786 1412 850 inde
1451 800 1542 851 est
1572 838 1588 865 ‚
1642 800 1713 851 ut
1757 787 1924 853 hisce
1970 787 2226 866 edictis,
2267 786 2644 872 adjuvandi,

538 903 872 997 supplendi
933 903 1032 970 vel
1097 902 1460 994 corrigendi
1531 909 1685 990 juris
1752 905 1955 972 civilis
2031 931 2211 970 causa
2271 918 2338 971 et
2380 917 2647 997 propter
2716 914 2719 917 ’

536 1019 858 1112 publicam
909 1014 1244 1082 utilitatem
1306 1018 1639 1105 propositis
1673 1069 1688 1097 ‚
1761 1021 1856 1104 jus
1926 1043 2261 1084 romanum
2329 1028 2643 1108 perpetuo

538 1133 851 1200 coleretur
899 1155 973 1195 ac
1031 1129 1473 1196 emendaretur
1498 1183 1514 1209 ‚
1562 1146 1625 1197 et
1655 1135 1971 1213 moribus»,
2017 1134 2238 1225 populi
2295 1134 2581 1224 opinioni
2619 1185 2635 1211 ‚

535 1247 1079 1339 piaesentibusque'
1098 1245 1564 1309 necessitatibus
1593 1233 1839 1337 semper
1870 1249 2247 1317 conveniens
2291 1260 2446 1312 esset
2507 1252 2639 1329 (2)-7

523 1385 733 1457 ‘quare
774 1371 1012 1426 veteres
1060 1383 1193 1423 non
1242 1360 1558 1423 immerito
1595 1363 1687 1444 jus
1743 1361 2160 1426 honorarium
2196 1386 2418 1427 vzvam
2461 1365 2642 1453 juris

539 1473 739 1538 οιὶίἵίε
791 1496 1029 1537 vocem
1084 1470 1484 1563 appellarunt
1536 1473 1664 1557 (3).
1725 1475 1824 1557 Ne
1876 1477 2076 1566 igitur
2125 1475 2449 1551 credamus
2483 1527 2499 1553 ‚
2566 1488 2641 1539 ut

540 1588 912 1652 Heineccius
949 1584 1058 1668 (4)
1092 1597 1156 1649 et
1192 1585 1576 1650 Thomasius
1600 1585 1831 1677 aliique
1862 1588 2199 1655 voluerunt
2225 1640 2241 1666 ,
2279 1586 2639 1652 fraudulose

537 1703 732 1790 egisse
798 1711 1093 1789 praetores
1155 1695 1473 1760 edicentes
1507 1747 1523 1774 ‚
1589 1708 2090 1788 potestatemque
2156 1697 2324 1788 leges
2390 1698 2638 1763 ferendi

538 1836 905 1903 usurpasse3
947 1810 1104 1875 illud
1141 1812 1347 1901 potius
1385 1822 1708 1900 gesserunt
1728 1861 1743 1887 ‚
1780 1823 1853 1875 ut
1889 1815 1985 1896 jus
2020 1812 2299 1876 moribus
2325 1814 2641 1903 tacitaque

534 1916 761 2021 POPUH
803 1929 1110 1993 sententia
1153 1924 1566 1992 constitutum
1614 1927 1862 2015 scriptis
1917 1925 2261 1991 conderent
2291 1978 2307 2005 ,
2355 1940 2420 1993 et
2466 1929 2558 1991 ibi
2601 1955 2638 1993 a
2695 1972 2698 1975 π

536 2043 852 2109 veteribus
884 2039 1127 2130 legibus
1167 2038 1533 2105 recederent
1560 2088 1576 2116 ,
1632 2039 1743 2103 ubi
1792 2039 1891 2104 hae
1936 2039 2159 2106 saeculo
2195 2065 2328 2106 non
2367 2040 2642 2132 amplius

536 2312 731 2370 Cicer.
772 2311 949 2369 Orat.
1002 2329 1115 2391 pro
1154 2311 1340 2368 Corn.
1390 2309 1537 2387 Maj.
1610 2329 1737 2368 reo.
1781 2308 1904 2368 Dio
1951 2309 2117 2368 CaSS.
2173 2308 2310 2368 Lib.
2356 2310 2475 2385 36,
2535 2331 2629 2393 19.

534 2419 791 2478 Certant
835 2417 1033 2484 critici
1075 2416 1152 2475 de
1194 2415 1383 2476 verbo
1410 2417 1749 2497 perpetui&
1804 2414 1967 2475 Vide
2006 2416 2227 2476 Biener
2260 2460 2276 2491 ,
2328 2400 2404 2478 de
2443 2417 2637 2478 Salvii

534 2522 768 2590 ‚Iuliani
810 2523 1045 2580 meritis
1083 2524 1150 2579 in
1179 2521 1451 2579 edictum
1489 2523 1766 2600 praetoris
1805 2532 1965 2581 recte
2010 2524 2381 2584 aestimandis
2412 2570 2428 2599 ‚
2464 2525 2632 2585 Bisa.

470 2621 473 2628 ¹
534 2630 757 2710 Lipsiae
804 2626 991 2708 1809,
1033 2623 1163 2702 4⁰„
1208 2648 1268 2707 p.
1319 2626 1402 2703 43
1443 2625 1645 2707 HugO.
1689 2623 1733 2684 l.
1780 2646 1835 2685 c.
1877 2637 2006 2687 not.
2064 2649 2115 2687 1.

618 2761 721 2838 (1)
782 2758 1097 2816 Ciceronis
1141 2757 1414 2837 epistolae
1456 2756 1533 2814 ad
1577 2731 1875 2816 Atticum..
1922 2757 2032 2815 Vl.
2088 2779 2138 2817 1.
2200 2795 2205 2799 ·

618 2865 833 2955 (2)·L.
885 2886 940 2946 7.
992 2863 1058 2944 §3
1101 2864 1180 2921 D.
1229 2864 1277 2922 1.
1335 2885 1389 2922 1.
1438 2863 1547 2942 (de
1591 2864 1789 2923 instit.
1837 2874 1899 2924 et
1940 2864 2102 2944 jur.)

618 2973 718 3050 (3)
761 2971 831 3029 L.
878 2968 937 3030 8.
985 2970 1062 3029 D.
1110 2969 1245 3029 eod.

617 3102 723 3180 (4)
767 3098 928 3158 Vide
955 3098 1136 3179 hujus
1164 3097 1473 3158 diatriben
1501 3099 1566 3156 in
1589 3098 1858 3158 Historia
1881 3101 2059 3179 juris.
2083 3101 2260 3161 Tom.
2286 3098 2340 3160 Ῐ.»
2366 3102 2394 3183 §
2411 3097 2627 3187 69-74.

533 3206 750 3267 Edicta
798 3206 1029 3287 optime
1079 3203 1361 3263 defendit
1417 3202 1507 3261 ihi
1563 3204 1960 3264 Ritterus'in
2023 3207 2232 3285 notis3
2298 3218 2437 3289 post
2474 3229 2635 3272 <eum

532 3299 799 3374 Baebius
846 3310 889 3369 l.
954 3332 1010 3369 c.
1064 3310 1090 3390 §
1154 3287 1249 3385 24.
1316 3309 1657 3369 Novissime
1709 3295 1920 3371 veram
1965 3310 2234 3372 indolem
2287 3314 2632 3375 edictorum

534 3438 956 3498 summamque
999 3414 1249 3474 illorum
1295 3414 1631 3475 utilitatem
1674 3435 1787 3497 pro
1833 3421 2034 3477 omnis
2077 3422 2231 3499 juris
2262 3419 2643 3499 perfectione

533 3527 1034 3586 demonstravere
1066 3521 1241 3601 Hugo
1274 3532 1335 3579 et
1369 3520 1695 3581 Schraderi-
1734 3523 1881 3583 Vid.
1934 3533 2061 3583 not.
2109 3526 2184 3583 33
2229 3524 2310 3584 ad
2348 3520 2633 3601 Gibbon',

534 3634 751 3692 Pre'cis
767 3643 925 3705 ,etei
961 3628 1144 3705 Lie'ge
1166 3675 1181 3702 ,
1216 3649 1277 3708 p.
1321 3626 1451 3686 105.
1481 3627 1894 3708 Adjungenda
1928 3629 2077 3689 clar.
2114 3629 2388 3699 Homms
2414 3677 2430 3705 ,
2462 3653 2633 3694 nunc

533 3740 704 3799 Prof.
755 3738 984 3798 Lovan.
1039 3736 1261 3795 Oratio
1307 3734 1387 3817 de
1435 3738 1568 3816 jure
1611 3738 1894 3816 praetorio
1933 3757 2075 3795 cum
2118 3738 2284 3819 apud
2323 3740 2670 3801 Romanos·

535 3858 669 3906 tum
698 3844 866 3925 apud
903 3840 1143 3923 Anglos
1170 3842 1245 3900 ad
1280 3844 1374 3921 jus
1414 3841 1601 3903 civile
1640 3842 2053 3925 supplendum
2087 3854 2149 3903 et
2178 3844 2636 3908 emendandum

534 3949 875 4031 aptissimo.
933 3947 1004 4004 In
1057 3945 1286 4005 Annal.
1342 3946 1690 4007 Academiae
1756 3950 2168 4031 Groninganae
2224 3947 2376 4007 anni
2431 3945 2634 4008 1821-

540 4054 733 4129 ·1822‚
783 4053 1167 4138 Groningae,
1232 4051 1407 4113 1822.
1472 4052 1590 4129 40.-
