2893 4778
965 239 1491 312 m‘rno'nucno.
2188 238 2275 324 51

1084 391 1125 475 §
1161 386 1378 459 XXV.

175 528 274 594 De
324 525 538 592 modo
587 522 1010 615 designandi
1062 540 1132 591 et
1185 524 1535 618 allegandi
1574 524 1833 620 singula
1883 533 1956 597 in
2010 552 2283 622 corpore

952 646 1127 732 jures
1170 638 1318 705 loca
1367 645 1387 724 (
1413 666 1432 707 1
1461 646 1505 725 ).

248 777 544 846 Diversis
593 773 994 868 temporibus
1059 776 1222 843 varii
1271 775 1451 843 modi
1514 775 1652 844 loca
1716 778 1871 862 juris
1926 781 2287 864 justinianei

177 892 495 986 allegandi
547 894 618 957 in
662 916 783 958 usu
823 899 1005 958 erant
1046 916 1067 956 ι
1116 890 1330 959 medio
1374 894 1549 959 enim
1591 916 1725 960 aevo
1744 942 1759 972 ‚
1808 916 1956 960 cum
1992 917 2126 962 non
2163 920 2288 961 nu-

179 1031 504 1075 merorum
546 1007 742 1097 signis
791 1002 967 1071 tituli
1006 1015 1071 1071 et
1119 1003 1479 1098 fragmenta
1535 1003 1658 1072 illis
1706 1017 2003 1072 contenta
2053 1007 2287 1075 distin-

180 1133 525 1212 guerentur
551 1170 568 1201 ,
615 1117 887 1210 quilibet
923 1117 1101 1185 locus
1130 1142 1250 1211 per
1288 1115 1565 1186 initialia
1584 1122 1722 1208 ejus
1746 1119 1948 1188 verba
1973 1121 2287 1193 citabatur

183 1261 247 1301 ac
288 1233 785 1326 designabatur,
816 1229 1011 1301 veluti
1053 1258 1073 1297 ε

252 1350 337 1415 Ι).
384 1346 598 1440 Quod
621 1361 829 1413 metus
865 1368 1064 1414 causa
1103 1345 1182 1414 L.
1219 1359 1461 1412 metum
1494 1359 1610 1412 aut
1643 1346 1715 1412 L.
1747 1360 1984 1415 metum
1997 1347 2093 1442 ff
2110 1350 2291 1442 quod

186 1476 381 1528 metus
418 1481 642 1527 causa.

256 1576 331 1641 L.
366 1572 741 1640 Barbarz‘us
775 1569 1145 1664 Philzppus.
1173 1568 1266 1665 ff
1297 1571 1387 1638 de
1420 1569 1541 1667 qffi
1567 1585 1839 1663 proetor.
1921 1640 1926 1647 ,

261 1692 289 1775 §
331 1687 420 1757 Si
444 1687 730 1754 duorum
759 1689 1054 1752 materioe
1099 1684 1170 1751 I.
1218 1685 1307 1752 de
1358 1708 1496 1752 rer.
1530 1685 1741 1761 divis.

259 1801 508 1868 Indices
558 1813 775 1867 autem
828 1796 1228 1890 singulorum
1278 1766 1789 1891 fragmentorum
1833 1810 1898 1865 et
1951 1798 2286 1869 titulorum

188 1917 513 2008 compositi
531 1911 780 1982 consuli
800 1911 1118 1979 debebant
1141 1937 1178 1978 a
1205 1913 1413 1978 minus
1432 1914 1501 1978 in
1525 1917 1664 2001 jure
1684 1934 1948 1980 romano
1962 1904 2285 2005 profectis.

249 2030 462 2097 Postea
474 2052 599 2096 usu
611 2027 805 2106 venit,
818 2039 892 2093 ut
908 2024 1031 2092 loci
1043 2027 1219 2092 citati
1233 2028 1321 2092 ita
1337 2049 1639 2093 numerus
1655 2026 2049 2114 adjiceretur,
2060 2028 2289 2097 veluti:

270 2142 342 2208 L.
386 2139 597 2232 Quod
647 2152 856 2204 metus
902 2136 1053 2218 111,
1098 2133 1195 2204 D.
1245 2138 1426 2231 quod
1464 2154 1669 2207 metus
1718 2162 1934 2207 causa.

275 2252 620 2321 Recentius
643 2264 890 2332 autem,
928 2263 1270 2344 postquam
1306 2255 1374 2318 in
1408 2252 1794 2320 editionibus
1831 2256 2111 2345 corporis
2138 2258 2293 2344 juris

192 2367 434 2461 singula
481 2365 844 2460 fragmenta
900 2369 1181 2434 numeris
1238 2368 1409 2435 inter
1458 2392 1521 2435 se
1559 2392 1755 2461 sepal
1754 2380 2065 2451 arentur,
2106 2373 2293 2439 sicuti

193 2484 303 2574 ipsi
343 2480 566 2564 tituli;
614 2477 862 2547 facilior
917 2480 1054 2548 haec
1108 2479 1425 2574 allegandi
1474 2481 1815 2550 methodus
1860 2496 2112 2575 recepta
2154 2496 2248 2553 est
2265 2513 2289 2553 *z

270 2595 312 2663 l.
345 2596 384 2664 3
411 2648 429 2677 ,
469 2596 573 2662 D.
608 2593 788 2686 quod
826 2608 1032 2661 metus
1063 2618 1286 2663 causa.

270 2714 299 2798 ς
335 2735 418 2801 27
440 2762 459 2790 ,
509 2707 583 2774 I.
634 2708 724 2774 de
764 2730 892 2775 rer.
938 2709 1289 2777 divisione.

266 2826 365 2890 Ita
407 2822 544 2888 fere
590 2845 806 2887 omnes
848 2820 1079 2889 decimi
1115 2822 1415 2915 septimi,
1449 2819 1679 2890 decimi
1721 2836 1787 2892 et
1839 2826 2048 2893 octavi
2086 2822 2297 2894 saeculi

194 2940 527 3031 scriptores
566 2937 762 3002 citare
799 2933 1002 3003 solent
1036 2942 1179 3022 (2).

273 3050 773 3144 Recentissime‚
830 3048 1161 3120 brevitatis
1209 3046 1460 3135 studio,
1518 3073 1636 3145 per
1695 3049 1827 3123 sola
1881 3076 2297 3124 numerorum

201 3165 370 3255 signa
417 3165 620 3230 citare
639 3176 1020 3255 eoeperunt=

277 3277 355 3344 L.
404 3276 449 3363 4
473 3327 491 3358 ,
541 3276 626 3347 C.
673 3277 743 3345 6.
802 3277 906 3347 15.

275 3392 358 3459 L.
402 3414 486 3482 9,
530 3392 629 3459 D.
678 3389 749 3476 4.
842 3417 912 3460 2.

273 3607 366 3689 (1)
401 3585 735 3669 Latissime
757 3606 837 3669 de
873 3604 993 3668 hoc
1016 3616 1384 3689 argumento
1411 3615 1639 3668 tractat
1675 3597 1970 3685 nibaut,
2009 3599 2306 3667 Civiliszi-

208 3713 885 3793 oeheAbhandlungen‚
917 3732 979 3796 p.
1019 3711 1311 3782 205-265,
1337 3712 1788 3796 Spangenberg
1810 3759 1828 3789 ,
1876 3711 1925 3774 l.
1964 3731 2019 3773 c.
2057 3733 2122 3793 p.
2165 3710 2297 3776 162.

212 3816 454 3880 Rem-iat
493 3810 802 3882 Sc.-P1·ix
824 3862 850 3896 ,
887 3819 1059 3880 Hist.
1105 3817 1190 3878 du
1219 3818 1388 3879 droit
1418 3839 1615 3895 rom„
1660 3840 1725 3901 p.
1775 3816 2081 3901 218-329.

275 3927 376 4007 (α)
416 3927 600 4011 Apud
631 3924 852 3988 Gallos
885 3936 949 3986 et
981 3927 1050 3985 in
1078 3923 1297 4007 Belgio
1333 3925 1521 3986 etiam
1546 3923 1732 3989 bodie
1774 3921 2113 4006 aliquando
2164 3920 2299 3984 loct

210 4048 306 4110 per
333 4034 515 4098 verba
548 4033 833 4097 initialia
871 4031 1295 4113 designantur.
1675 4013 1678 4020 ’
