2893 4778
568 259 730 338 152.
907 283 1417 337 conuanAnn
1467 284 1693 334 smus
1719 279 2002 334 nomn-1
2044 275 2396 349 rmvxrng

1254 458 1334 528 Β.
1384 459 1507 525 De.
1545 454 1794 549 legibus
1849 460 1991 546 (1).

996 650 1028 737 §
1073 639 1124 715 Ῑ.
1172 647 1289 715 De
1326 646 1547 739 legum
1582 650 1678 714 ,νί
1715 660 1920 739 atque
1969 657 2243 711 natura-³

659 834 720 903 8.
759 835 953 929 Legis
991 838 1323 904 notionem
1373 849 1664 903 auctores
1711 836 1881 903 varie
1939 833 2257 900 definiunt
2303 857 2322 916 ;
2378 825 2675 925 appellari

564 973 744 1045 posse
774 949 1031 1018 videtur
1075 948 1183 1017 lex
1240 948 1530 1042 publicus
1583 952 1814 1036 jussuS,
1863 973 1900 1013 a
1943 971 2237 1040 suprema
2291 946 2361 1010 in
2426 945 2673 1011 civitate

564 1076 875 1158 potestate
894 1066 1151 1131 emissus
1166 1117 1184 1146 ,
1210 1062 1601 1158 generalem,
1629 1065 1676 1128 i.
1696 1086 1750 1128 e.
1780 1063 1936 1150 juris
1954 1059 2243 1154 regulam
2272 1072 2551 1127 statuens
2574 1064 2696 1142 (2),

569 1175 668 1243 Ea
719 1176 879 1270 legis
915 1185 1107 1271 pars',
1172 1201 1315 1269 quae
1364 1174 1609 1267 aliquid
1652 1176 1831 1261 jubet
1872 1187 2063 1266 atque
2109 1173 2310 1241 sancit
2337 1225 2353 1252 ,
2422 1197 2491 1238 re
2514 1193 2675 1242 .vera

563 1284 745 1353 illam
776 1287 1105 1355 constituit
1124 1337 1141 1366 ,
1208 1285 1379 1353 unde
1432 1285 1628 1355 verba
1700 1290 2120 1353 enunciativa
2181 1312 2218 1352 a
2262 1287 2474 1355 verbis
2540 1285 2678 1351 dels-

560 1404 858 1492 positivis
897 1401 966 1466 in
995 1398 1243 1493 legibus
1288 1399 1777 1493 distinguuntur
1815 1399 1897 1484 (3
1917 1406 1959 1486 ).
1995 1400 2106 1467 Illa
2148 1399 2308 1494 legis
2354 1378 2572 1476 causas
2612 1425 2678 1465 ac

567 1495 791 1581 finem*
810 1511 1096 1582 indicare
1134 1512 1371 1594 solent,
1420 1515 1562 1581 haec
1598 1516 1762 1606 ipsas
1796 1518 1956 1604 juris
2002 1514 2252 1609 regulas
2285 1517 2689 1609 praecipiunt.

571 1625 774 1715 Quod
805 1649 939 1694 non
971 1653 1008 1694 a
1047 1652 1294 1694 summa
1325 1640 1632 1719 potestate
1692 1633 1926 1721 (quam
1952 1628 2371 1724 legislativam
2400 1642 2625 1697 vocant
2655 1634 2673 1713 )

565 1740 1002 1832 proficiscitur
1024 1793 1041 1822 ‚
1098 1766 1218 1835 pro
1266 1742 1409 1836 lege
1463 1742 1688 1810 haberi
1729 1745 1864 1810 non
1918 1742 2155 1811 debet:
2212 1741 2361 1810 inde
2415 1767 2532 1809 nec
2570 1768 2638 1809 ea
2662 1793 2675 1819 .

567 1878 711 1946 quae
740 1880 778 1921 a
807 1854 1371 1949 magistratibusssin
1395 1881 1734 1924 munerum
1759 1851 2021 1924 suorum
2054 1858 2446 1923 exercitione
2479 1860 2675 1950 impe-

568 1981 801 2035 rantur
819 2020 837 2049 ,
911 1994 1030 2036 nec
1089 1994 1229 2064 quae
1283 1995 1321 2036 a
1374 1972 1641 2063 privatis
1708 1973 2005 2063 pactione
2055 1983 2426 2038 statuuntur
2445 2023 2462 2052 ,
2518 1970 2675 2063 leges

570 2067 894 2149 nominari
925 2096 1189 2177 possunt
1220 2111 1237 2148 :
1268 2081 1428 2177 legis
1463 2084 1849 2153 vocabulum
1878 2098 2094 2154 tamen
2125 2086 2197 2151 in
2231 2084 2334 2156 his
2368 2111 2502 2152 non
2537 2086 2674 2150 raro

568 2208 917 2291 usurpatur
935 2242 963 2278 ,
990 2196 1190 2267 veluti
1207 2198 1311 2265 lex
1321 2210 1697 2268 contractus
1714 2252 1731 2283 ,
1756 2199 1862 2269 vel
1888 2202 2246 2269 testamenti
2283 2200 2368 2287 (4
2391 2207 2439 2285 ).
2489 2198 2675 2291 Quod

571 2307 716 2406 lege
748 2311 953 2379 fertur
992 2362 1008 2394 ,
1058 2311 1368 2406 generalis
1410 2314 1633 2408 regula
1687 2319 1769 2405 sit
1799 2327 2080 2409 oportet,
2120 2316 2161 2381 i.
2214 2340 2277 2381 e.
2321 2318 2480 2403 juris
2519 2336 2674 2408 prae-

571 2438 850 2520 ceptum.
897 2424 1150 2518 Quodsi
1194 2426 1273 2496 de
1301 2453 1435 2497 uno
1463 2426 1728 2498 homine
1749 2481 1766 2512 ,
1800 2429 1902 2500 vel
1949 2430 2028 2497 de
2056 2442 2230 2500 certo
2269 2437 2672 2526 personarum

660 2739 770 2823 (1)
810 2741 891 2802 D.
932 2762 1007 2819 17,
1066 2743 1126 2804 3.
1175 2741 1288 2823 (de
1311 2703 1551 2827 legibus
1577 2754 1951 2828 senatusque
1985 2744 2342 2828 consultis).
2397 2746 2467 2806 C.
2504 2737 2674 2818 1.·14.

581 2846 701 2930 (de
732 2847 921 2931 legib.
964 2851 1522 2935 constitsprincip.
1582 2862 1646 2914 et
1695 2848 1933 2915 edictis·
1961 2854 1982 2935 )
2013 2853 2167 2914 Cod.
2213 2853 2456 2915 Theod.
2502 2851 2549 2912 Ι.
2591 2848 2665 2913 ι’..

663 2982 767 3062 (9)
808 2981 947 3042 Jam
992 2994 1230 3045 veteres
1258 2982 1516 3064 (lelegis
1559 2983 1924 3069 definitione
1952 2981 2395 3064 disputabant3
2441 3003 2500 3042 v.
2537 2979 2581 3038 l.
2619 3000 2664 3038 1.

465 3138 468 3139 ⁷
582 3108 642 3149 9.
674 3090 755 3148 D.
786 3087 854 3147 h.
876 3099 925 3149 t.
957 3089 1370 3149 Definitiones
1397 3090 1505 3149 hic
1543 3093 1800 3172 positae,
1836 3111 1870 3149 e
1896 3087 2412 3171 philosopholum
2441 3087 2705 3169 scriptis·

579 3194 915 3269 desumtae,
974 3217 1011 3256 a
1065 3159 1527 3277 iurisconsultis
1582 3197 1802 3257 merito
1867 3195 2320 3278 improbantur.
2425 3195 2494 3254 In
2549 3195 2673 3274 ime

579 3303 953 3386 justinianeo
986 3302 1080 3362 lex
1115 3303 1344 3364 dicitur
1372 3304 1555 3364 etiam
1583 3302 1679 3365 lex
1705 3301 2019 3378 edictam,
2059 3302 2368 3379 edictum,
2411 3301 2672 3375 sanctio,

580 3410 941 3473 constitutio
990 3408 1316 3490 generalis.
2050 3394 2067 3421 ⁸

662 3540 687 3620 (
708 3541 785 3622 3)
848 3539 993 3602 Haee
1058 3541 1382 3602 distinctio
1446 3541 1781 3603 verborum
1842 3541 2050 3624 magni
2110 3538 2408 3602 momenti
2464 3548 2553 3598 est
2610 3534 2670 3594 in

580 3649 1130 3710 constitutionibus
1181 3651 1626 3731 imperatorum
1667 3653 2079 3731 posteriorum
2135 3659 2199 3709 et
2237 3646 2573 3731 praesertim
2609 3642 2671 3700 in

584 3753 870 3818 Novellis
905 3754 1245 3816 Justiniani
1281 3757 1784 3838 interpretandi&

664 3883 772 3964 (4)
835 3882 913 3945 V.
956 3905 1009 3943 c.
1062 3882 1107 3943 l.
1155 3885 1237 3945 60
1302 3887 1380 3946 D.
1445 3884 1655 3946 18.1.
1720 3887 1836 3967 (de
1896 3885 2179 3947 contrah.
2238 3882 2432 3962 emt.)
2479 3879 2522 3941 l.
2575 3899 2665 3962 77.

580 3991 662 4052 D.
696 4010 793 4073 ¹7·
839 4011 897 4050 9.
944 3993 964 4070 (
986 4012 1100 4071 pro
1129 3993 1337 4073 socio)
1379 3993 1468 4052 Ita
1501 3991 1594 4053 lex
1619 3994 2038 4055 commissoria
2062 4003 2311 4075 pactum
2343 4000 2456 4051 est.
2508 3985 2550 4046 l.
2576 3986 2665 4046 51.

521 4163 528 4166 ,
580 4095 662 4157 D.
700 4115 801 4180 ¹9·
835 4116 894 4157 2.
936 4095 1210 4179 (locati)
1259 4096 1302 4158 l.
1345 4096 1460 4159 ult.
1508 4099 1587 4159 D.
1636 4097 1738 4161 38.
1780 4096 1875 4160 16.
1924 4099 2042 4181 (de
2074 4098 2201 4160 suis
2236 4109 2302 4159 et
2323 4090 2673 4179 legitimiS.)
