2893 4778
1000 344 1217 395 menn
1267 346 1478 408 11·;-·-
1515 345 1697 396 σιω.-
1722 345 1826 396 ιι.ι
2298 320 2450 412 455

334 467 526 539 allata
549 519 565 552 ,
605 466 920 537 illustrare
954 466 1267 537 volumus.
1307 468 1740 538 constituitur
1771 496 1788 535 ε
1826 493 1891 538 a.
1929 468 2106 537 Patri
2149 469 2221 537 in
2264 470 2450 541 bonis
2536 526 2543 533 .

335 585 709 656 adventitiis
754 584 1143 653 filiifamilias
1191 589 1212 671 (
1239 591 1307 670 ι)
1344 610 1536 677 quem
1583 587 1818 653 retinet
1857 585 1927 652 in
1957 599 2140 678 parte
2179 583 2449 657 dimidia

334 703 655 770 bonorum
687 699 806 768 filii
845 702 1224 793 emancipati
1277 705 1413 787 (2).
1454 699 1516 766 b.
1551 699 1780 767 Eidem
1819 701 1892 766 in
1933 700 2101 770 virili
2151 702 2445 794 portione

333 820 662 885 bonorum
696 828 1133 882 maternorum
1168 814 1288 880 filii
1347 817 1726 906 emancipati
1774 813 1900 902 (3).
1933 838 1988 882 c.
2036 814 2317 909 Coniugi
2361 815 2446 885 ad

335 931 645 1001 secundas
671 932 926 1024 nuptias
960 930 1313 998 transeunti
1337 930 1408 996 in
1427 930 1611 995 bonis
1642 953 1722 996 ex
1750 928 2129 997 liberalitate
2155 929 2447 1001 defuncti

332 1048 623 1139 coujngis
683 1058 795 1111 aut
831 1069 913 1111 ex
965 1045 1348 1112 successione
1398 1043 1674 1109 liberum
1718 1046 2032 1137 perceptis
2078 1045 2227 1130 (4).

421 1161 491 1226 d.
525 1159 811 1229 Viduae
792 1161 975 1251 mopi
1021 1160 1090 1224 in
1135 1159 1321 1226 bonis
1362 1156 1716 1225 liberoium
1750 1181 1900 1225 cum
1945 1158 2078 1250 ipsa
2120 1161 2289 1252 patri
2320 1158 2442 1226 de·

328 1265 553 1337 functo
591 1267 1063 1336 succedentium
1116 1266 1248 1354 (5).

351 1401 358 1428 ⁸
421 1408 481 1450 e.
532 1383 853 1475 Coniugi,
894 1381 1170 1451 divortio
1211 1380 1398 1473 culpa
1435 1378 1692 1448 alterius
1733 1383 2024 1475 conjugis
2048 1377 2256 1457 facto·
2239 1433 2259 1466 ‚
2292 1409 2445 1455 cum

327 1495 542 1565 liberis
609 1498 843 1589 prioris
920 1497 1310 1565 matrimonii
1395 1494 1652 1563 alterius
1715 1495 2086 1570 divertentis
2153 1497 2266 1566 dos
2336 1498 2442 1569 vel

328 1611 592 1703 propter
634 1611 887 1702 nuptias
930 1608 1191 1677 donatio
1229 1611 1585 1701 acquiritur
1644 1609 1782 1696 (6).

430 1726 528 1790 De
591 1723 837 1791 duobus
911 1724 1050 1790 aliis
1103 1726 1482 1820 seryitutum
1539 1723 2128 1795 constituendarum
2182 1725 2391 1795 modis
2414 1778 2433 1810 ,

330 1836 704 1931 diligentius
739 1837 1162 1931 dispiciamus,

328 2033 362 2118 ς
400 2029 487 2097 Π.
531 2031 646 2096 De
683 2026 1093 2096 servitutibus
1113 2051 1245 2120 per
1280 2034 1782 2097 conventionem
1824 2030 2297 2097 constituendis
2329 2034 2441 2121 (7),

423 2217 573 2285 316.
615 2215 791 2284 -Cum
828 2220 1159 2286 servitutes
1213 2215 1305 2283 nil
1351 2216 1528 2285 aliud
1563 2221 1689 2287 sint
1737 2221 1856 2285 nisi
1913 2231 2120 2311 partes
2165 2217 2455 2287 dominii*

329 2332 413 2401 ab
459 2335 754 2403 universo
811 2331 1097 2401 dominio
1146 2329 1370 2401 ablatae
1397 2383 1415 2414 ,
1475 2357 1586 2400 sua
1646 2333 1711 2403 vi
1767 2358 1839 2402 ac
1884 2345 2190 2426 potestate
2244 2357 2467 2401 cons-s

326 2459 531 2516 tantes
561 2499 581 2529 ,
646 2458 712 2514 et
796 2446 947 2515 inde
1019 2449 1383 2516 constitutio
1452 2448 1767 2517 servitutis
1834 2445 1926 2514 nil
2004 2446 2182 2514 aliud
2243 2441 2466 2540 quam'

338 2640 2445 2677 ——m-*W

413 2764 522 2846 (ι)
565 2764 633 2829 L.
688 2762 770 2841 6,
815 2764 884 2825 C.
921 2762 1002 2839 6,
1057 2762 1181 2840 61,
1231 2764 1581 2843 (debonis
1618 2787 1753 2848 quae
1800 2765 2086 2847 liberis)

415 2870 526 2953 (2)
566 2870 618 2929 L
681 2868 767 2945 6,
817 2868 846 2951 §
893 2870 974 2946 3,
1026 2869 1096 2929 C.
1136 2868 1276 2929 eod.

412 2977 524 3056 (3)
568 2976 638 3036 L.
685 2977 767 3051 3,
808 2977 879 3035 C.
928 2974 1019 3045 6,
1060 2974 1294 3057 6o(de
1329 2973 1479 3036 bon.
1519 2918 1878 3059 maternis).

415 3081 526 3165 (4)
569 3082 634 3143 L.
690 3083 727 3143 3
765 3129 783 3158 ,
834 3080 925 3159 5,
984 3081 1057 3142 C.
1113 3080 1154 3143 5
1254 3101 1339 3166 9,
1385 3070 1512 3164 (de
1564 3082 1846 3146 secundis
1901 3084 2223 3171 nuptiis);
2272 3086 2432 3157 Nov.

330 3208 443 3264 22,
516 3210 656 3272 cap.
734 3186 838 3267 46.

415 3294 726 3375 (5)1Nov.
788 3314 935 3379 117,
969 3316 1023 3357 c.
1062 3292 1124 3357 5.

343 3400 509 3482 (6)
552 3400 711 3464 Nov.
777 3422 930 3486 117,
998 3422 1056 3462 c.
1124 3422 1204 3484 9
1240 3421 1381 3481 pr.,
1433 3423 1491 3464 c.
1569 3401 1640 3463 13
1713 3403 1779 3464 in
1814 3402 1857 3464 f.
1905 3405 2034 3467 Iter
2092 3403 2172 3466 ad
2217 3404 2436 3488 sepul-

330 3506 553 3569 chrum
596 3529 741 3569 cum
792 3508 1029 3590 petenti
1078 3509 1424 3568 necessario
1453 3510 1728 3590 praestari
1764 3508 2032 3584 debeat,
2085 3507 2219 3590 lege
2267 3516 2446 3594 quasi

330 3616 631 3675 constitui
681 3614 986 3691 videtur3
1046 3611 1091 3674 l.
1150 3633 1220 3674 ια
1258 3635 1356 3695 pr.
1387 3661 1407 3691 ,
1462 3615 1540 3675 D.
1599 3635 1663 3675 11
1697 3659 1714 3689 ,
1748 3636 1821 3698 7,
1871 3615 1980 3695 (de
2023 3610 2324 3698 religiosis
2343 3624 2397 3696 );

415 3724 528 3807 (7)
570 3724 901 3805 Sequimur
953 3726 1021 3784 in
1064 3722 1184 3784 hoc
1233 3734 1602 3805 aigumento
1650 3723 2009 3805 exponendo
2048 3725 2438 3789 dissertatio-

330 3847 517 3904 nem,
561 3851 599 3891 a
640 3829 998 3891 doctissimo
1043 3832 1180 3891 viro
1223 3828 1515 3890 Eduardo
1538 3828 1809 3913 Josepho
1854 3829 2261 3893 Schmidtlein
2286 3875 2311 3909 ,
2360 3836 2442 3898 ad

315 3936 721 3999 ‘celeberrimi
778 3938 1062 4022 Savignii
1118 3937 1471 4043 doctrinam
1537 3925 1880 4021 scriptam,
1922 3937 2228 4021 Gottingae
2289 3924 2442 4006 1823

328 4043 582 4130 publice
635 4046 978 4112 defensam.
