2893 4778
556 339 648 413 92
872 333 1386 387 COMMENTARII
1440 335 1640 385 smus
1695 337 1980 387 ROMANI
2032 338 2350 387 PRIVATI.

551 467 802 530 vocavit
847 464 1103 554 ingenia
1131 463 1418 528 omnium
1462 460 1593 527 sere
1645 461 1921 553 Europae
1977 461 2391 554 populorum.
2440 464 2670 534 Novus

551 577 762 644 ardor
788 579 1194 643 scientiarum
1252 574 1744 642 excolendarum
1810 579 2167 644 communis
2190 602 2341 645 „esse
2400 581 2666 672 incipit,

549 716 697 758 cum
716 744 732 771 ‚
759 704 892 757 arte
931 691 1393 782 typographica
1438 692 1551 758 vix
1594 705 1841 782 reperta
1860 743 1877 768 ‚
1911 716 2129 759 omnes
2167 690 2317 759 libri
2363 693 2664 761 facillime

548 818 1077 899 propagarentur.
1121 807 1199 870 In
1253 808 1411 892 juris
1457 818 1671 871 autem
1728 804 2092 898 disciplinas
2147 810 2493 875 necessario
2552 800 2687 875 illa'

549 923 820 989 mutatio
872 946 1104 988 novam
1137 924 1451 986 rationem
1492 920 1803 987 adducere
1846 919 2067 988 debuit
2091 974 2109 1003 ,
2157 947 2305 988 cum
2340 924 2494 1010 juris
2542 948 2662 991 ros-

543 1039 717 1104 mani
763 1034 1047 1103 studium
1083 1036 1307 1101 intime
1353 1059 1518 1101 ’cum
1554 1021 1892 1101 'literarum
1928 1050 2220 1104 veterum
2268 1036 2523 1103 cultura
2573 1039 2664 1106 sit

550 1156 970 1239 conjunctum
993 1198 1009 1215 .
1043 1149 1250 1216 Sicuti
1305 1151 1481 1215 enim
1530 1149 1610 1215 ad
1654 1151 2093 1217 Romanorum
2149 1165 2433 1218 auctores
2485 1165 2662 1219 recte

547 1264 990 1357 intelligendos
1025 1266 1176 1351 juris
1208 1267 1459 1346 romani
1501 1266 1729 1330 notitia
1771 1266 1954 1331 nobis
1998 1289 2156 1357 opus
2200 1278 2292 1332 est
2311 1317 2328 1345 ‚
2382 1269 2471 1332 ita
2506 1291 2665 1334 vera

547 1380 741 1468 hujus
782 1378 1025 1444 indoles
1084 1391 1270 1470 atque
1319 1381 1483 1443 ratio
1530 1403 1664 1444 non
1718 1381 1839 1444 nisi
1877 1380 1959 1445 ab
2002 1382 2078 1445 iis
2122 1386 2414 1472 cognosci
2450 1394 2665 1472 potest

549 1496 660 1587 qui
727 1493 999 1585 populi,
1063 1492 1233 1584 apud
1284 1518 1478 1584 quem
1521 1492 1683 1559 illud
1732 1497 1827 1580 jus
1887 1507 2099 1560 ortum
2149 1507 2276 1575 est,
2321 1496 2662 1587 ingenium

549 1621 740 1700 atque
788 1607 917 1673 fata
962 1620 1319 1689 noverunt3
1372 1632 1517 1699 quae
1565 1610 1821 1673 scientia
1875 1610 2223 1700 praesertim
2271 1633 2350 1674 ex
2392 1608 2663 1676 classicis

548 1723 715 1806 illius
746 1722 1105 1788 auctoribus
1133 1723 1504 1813 acquiritur.
1546 1723 1819 1789 Factum
1862 1736 1955 1788 est
1990 1725 2188 1815 igitur
2210 1775 2226 1801 ‚
2275 1736 2346 1788 ut
2381 1726 2665 1815 cognitis

548 1835 771 1929 populi
829 1838 1076 1901 romani
1139 1836 1459 1915 moribus,
1516 1829 1774 1926 ingenio
1831 1848 1897 1902 et
1936 1836 2172 1928 linguae
2234 1835 2445 1903 latinae
2507 1861 2663 1904 vera

549 1949 765 2017 indole
798 1950 1162 2041 reipublicae
1206 1973 1485 2017 romanae
1519 1960 1686 2018 statu
1735 1964 1800 2016 et
1844 1950 2137 2031 historia,
2186 1953 2462 2043 genuina
2501 1954 2665 2039 juris

549 2067 802 2132 romani
840 2063 1129 2133 doctrina
1177 2067 1628 2131 restitueretur.

640 2181 824 2248 Nova
858 2192 1071 2245 autem
1114 2181 1280 2245 ratio
1323 2179 1835 2272 jurisprudentiae
1874 2178 2219 2250 tractandae
2271 2180 2337 2244 in
2389 2204 2665 2270 sequen-

552 2294 719 2360 tibus
747 2295 1110 2386 -praesertim
1138 2304 1276 2359 erat
1311 2294 1515 2386 posita
1553 2322 1569 2358 :
1606 2296 1760 2381 juris
1797 2295 2042 2359 romani
2084 2296 2520 2386 interpretatio
2551 2319 2667 2360 ac-

551 2412 830 2478 curatior
853 2408 1020 2475 sacta
1061 2421 1153 2474 est
1172 2460 1187 2486 ‚
1236 2407 1641 2500 philologieis
1670 2421 1735 2475 et
1765 2408 2080 2474 historicis
2112 2383 2668 2499 ⁸disquisitionibus

550 2524 887 2592 illustrata.
957 2521 1114 2588 Inde
1172 2523 1427 2588 barbari
1498 2525 1616 2591 aevi
1674 2535 2005 2589 auctorum
2057 2515 2297 2587 errores
2369 2520 2667 2613 explosi,

553 2665 703 2710 vera
737 2649 1052 2728 praecepta
1099 2649 1279 2704 eruta
1313 2663 1332 2717 3
1393 2639 1461 2700 in
1499 2635 1706 2704 lucem
1749 2638 2054 2728 protracti
2089 2649 2238 2702 sunt
2288 2634 2492 2701 fontes
2514 2687 2532 2714 ‚
2577 2660 2667 2702 ex

551 2753 780 2845 quibus
807 2752 965 2840 juris
997 2748 1197 2817 civilis
1241 2752 1526 2842 cognitio
1572 2749 1922 2842 plurimum
1958 2750 2242 2837 adjuvari
2288 2751 2543 2855 potuit,⁸
2595 2763 2669 2819 et

551 2877 785 2959 praeter
820 2863 1102 2931 classicos
1123 2876 1408 2929 auctores
1442 2862 1677 2943 editos,
1712 2863 2069 2956 fragmenta
2117 2864 2273 2951 juris
2323 2865 2668 2950 antejusti-

550 2982 767 3047 nianei
822 3002 1073 3044 necnon
1134 2978 1639 3069 postjustinianei
1693 2977 1975 3069 undique
2035 2979 2297 3068 quaesita
2322 3021 2348 3055 ,
2401 2972 2669 3064 vulgata

550 3107 618 3161 et
651 3095 731 3161 ab
761 3082 1234 3184 interpretibus,
1271 3095 1340 3157 in
1369 3090 1745 3183 explicando
1772 3093 2148 3178 justinianeo
2182 3095 2356 3177 jure,
2385 3087 2670 3180 diligen-

548 3211 778 3276 tissime
819 3206 1102 3273 adhibita
1122 3219 1294 3274 sunt.
1329 3206 1573 3275 Graecae
1612 3203 1855 3298 linguae
1889 3208 2115 3298 peritia
2153 3203 2415 3297 plurimi
2448 3205 2666 3271 inter-

548 3336 805 3418 pretum
830 3323 1193 3387 innumeras
1223 3318 1621 3389 difficultates
1662 3318 1935 3386 enodare
1981 3333 2347 3411 potuerunt.
2372 3362 2381 3379 ιι

632 3438 936 3529 Πετιίεἶιιεν
959 3438 1133 3503 omni
1159 3435 1518 3501 eruditione
1549 3438 1755 3501 ornati
1785 3433 2216 3522 jurisconsulti
2267 3436 2336 3500 in
2381 3458 2459 3500 eo
2493 3458 2668 3527 ope-

548 3578 702 3637 ram·
728 3552 1146 3630 collocavere,
1183 3562 1261 3615 ut
1299 3551 1470 3616 vitiis
1525 3560 1590 3614 et
1624 3547 1872 3617 mendis
1922 3548 2286 3619 emendatas
2334 3546 2669 3635 librorum

548 3668 701 3753 juris
748 3665 947 3731 civilis
990 3675 1287 3756 pararent
1337 3662 1679 3745 editiones;
1722 3656 1954 3754 quibus
1993 3662 2174 3732 factis
2217 3660 2477 3729 demum
2519 3660 2666 3728 ele-

549 3779 806 3868 gantior
847 3773 1344 3867 jurisprudentia
1382 3777 1672 3842 universe
1709 3775 1829 3842 coli
1856 3788 2123 3867 poterat.
2175 3775 2315 3869 Hac
2347 3774 2660 3843 historica

549 3891 894 3981 criticaque
906 3890 1062 3977 juris
1086 3891 1332 3956 romani
1357 3888 1766 3980 indagatione
1786 3888 2049 3981 plurimi
2078 3890 2200 3957 viri
2228 3889 2438 3958 saeculi
2458 3891 2660 3973 XVI,

552 4016 854 4069 aeternam
903 4005 1000 4069 sui
1060 4004 1335 4070 nominis
1386 4003 1658 4099 gloriam
1715 4005 2033 4071 consecuti
2086 3980 2269 4079 sunt,
2353 4016 2416 4068 et
2478 4015 2664 4070 tauta

548 4120 872 4192 habentur
900 4143 1125 4195 eorum
1149 4120 1376 4225 merita
1392 4171 1412 4204 ,
1454 4131 1530 4193 ut
1556 4122 1938 4192 recentiores
1965 4117 2390 4209 jurisconsulti
2417 4118 2662 4217 eruditi
