2893 4778
578 279 733 372 324
925 308 1439 378 comssnunn
1489 308 1688 357 mnis
1739 300 2025 357 nolum
2075 309 2391 358 mnu-rt.

576 434 747 499 catio
787 427 965 499 reddi
1008 436 1252 526 possit,
1299 431 1475 500 hunc
1526 433 1740 501 locum
1786 429 2224 526 compluribus
2270 435 2409 501 aliis
2441 429 2700 502 *adver-³

582 561 866 629 cantem,
924 564 1297 641 corruptum
1328 575 1456 616 eaee
1490 549 1878 617 credendum
1926 564 2018 617 est
2058 556 2198 636 (1).

672 661 1033 730 Secundum
1086 664 1389 756 plurimos
1433 669 1589 751 juris
1639 667 2005 766 scriptoreS‚
2049 659 2200 733 fisco
2246 671 2440 733 etiam·
2473 667 2700 757 privi-

577 774 822 869 legium
861 778 1235 846 conceditur
1293 781 1362 843 in
1416 771 1781 871 hypotheca
1839 805 1968 870 qua
2015 780 2324 873 primipili
2383 782 2594 852 bona
2625 782 2696 846 ei

578 890 860 982 obligata
903 906 1076 961 sunt.
1131 891 1261 962 Sed
1299 918 1420 960 nec
1464 893 1605 959 haec
1647 892 2019 961 omnimodo
2064 894 2495 987 privilegiaria
2555 893 2696 967 dici

581 1003 771 1073 debet
817 1011 947 1094 (2).

1047 1200 1077 1283 §
1122 1195 1241 1263 III.
1289 1198 1404 1265 De
1441 1195 1798 1289 privilegio
1837 1198 2016 1278 dotis
2065 1198 2195 1283 (3).
2296 1253 2304 1262 .

676 1408 824 1476 386.
871 1407 1152 1499 Quando
1198 1412 1328 1503 ipsa
1374 1436 1544 1480 uxor
1596 1410 1811 1479 dotem
1851 1413 2082 1504 repetit
2110 1461 2128 1491 ‚
2159 1387 2363 1478 'tacita
2397 1411 2458 1476 ei
2505 1395 2713 1478 cons*

582 1525 771 1592 tituta
829 1524 1199 1616 hypotheca
1251 1525 1594 1617 privilegio
1655 1525 1935 1607 fruitur‘,
1982 1548 2112 1619 qua
2148 1526 2371 1593 ceteris
2412 1524 2692 1593 credito-⁶

577 1713 2692 1752 w

578 1881 581 1886 -
662 1841 749 1926 (1)
769 1842 863 1903 De
882 1840 1072 1925 hujus
1092 1842 1213 1905 loci
1241 1845 1754 1928 interpretatione
1773 1847 2005 1908 frustra
2029 1846 2468 1907 laboraverunt
2488 1835 2686 1905 inter-

577 1957 806 2030 pretes.
856 1946 1189 2011 Variorum
1229 1952 1558 2030 conamina
1599 1951 1810 2015 videas
1867 1953 1934 2012 in
1965 1952 2206 2034 Cujacii
2243 1951 2377 2013 οδε.
2413 1944 2519 2025 X,
2553 1969 2631 2009 22
2662 1970 2689 2027 3

577 2053 833 2115 Donelli
888 2065 1131 2118 tractat.
1181 2056 1260 2118 de
1294 2045 1491 2140 ‘pigm
1563 2068 1626 2118 et
1672 2056 1943 2141 hypoth.
2003 2080 2058 2119 c.
2123 2058 2239 2137 143
2285 2057 2495 2117 Noodt
2535 2102 2554 2128 ‚
2603 2054 2686 2114 ad

574 2160 777 2225 Pand.
799 2210 818 2240 ‚
873 2183 949 2224 20
968 2209 985 2239 ,
1036 2160 1077 2241 4
1104 2184 1125 2241 3
1169 2163 1456 2225 Fornerii
1483 2163 1691 2225 select.
1725 2166 1792 2227 in
1819 2163 2071 2226 Ottonis
2090 2164 2409 2248 Thesauro
2439 2162 2554 2222 lib.
2587 2161 2690 2230 11..

575 2289 712 2351 cap.
740 2268 820 2348 34
843 2318 860 2345 ,
880 2281 943 2332 et
971 2271 1134 2331 inter
1160 2272 1529 2332 recentiores
1548 2271 1975 2340 Hennematzn
1989 2312 2014 2348 ,
2035 2272 2185 2332 iiber
2200 2270 2301 2331 die
2326 2272 2690 2348 bevorzugte

575 2379 915 2465 Hypothek
938 2379 1044 2442 des
1082 2382 1298 2442 Fiscus
1327 2428 1349 2457 ‚
1396 2381 1725 2442 Schwerin
1759 2380 1908 2444 1800
1929 2429 1947 2458 ,
1987 2379 2075 2442 80.
2109 2405 2136 2460 ,·
2181 2380 2681 2456 Unterholzner,

573 2488 1073 2568 Abhandlungen
1101 2535 1120 2567 ,
1191 2501 1302 2552 nro.
1351 2508 1389 2548 2
1436 2510 1460 2568 ·‚
1525 2487 1725 2550 Gliick
1745 2537 1763 2565 ‚
1832 2490 1905 2551 T.
1956 2490 2107 2550 XIX
2159 2510 2297 2571 pag.
2356 2485 2631 2570 249-267
2657 2531 2679 2563 ‚

571 2593 683 2653 uhi
720 2594 976 2677 plurimi
1018 2596 1128 2657 alii
1160 2599 1491 2678 scriptores
1531 2596 1887 2660 laudantur.
1907 2578 2200 2658 'Fornerii
2222 2599 2678 2677 conjecturam,

573 2696 726 2763 licet
774 2723 904 2763 non
938 2702 1358 2767 felicissimam
1385 2747 1404 2776 ‚
1438 2705 1815 2786 sequendam
1853 2724 1981 2763 esse
2015 2712 2324 2785 putamus.
2365 2702 2499 2762 Nec
2541 2721 2679 2783 quae

571 2807 770 2891 vulgo
811 2810 946 2870 fleri
989 2806 1148 2871 solet
1196 2810 1551 2871 conciliatio
1587 2809 1629 2870 l.
1682 2810 1762 2871 28
1805 2831 1947 2870 cum
1984 2808 2027 2868 l.
2090 2831 2158 2870 21
2200 2831 2301 2892 pr.
2328 2856 2345 2884 ‚
2399 2811 2479 2868 D.
2515 2808 2579 2866 h.
2622 2818 2673 2868 t.

570 2914 890 2997 probanda
925 2915 1111 2976 nobis
1141 2916 1411 2979 videtur.
1454 2917 1979 2978 Constitutionem
2019 2916 2097 2977 ad
2124 2937 2311 2998 quam
2353 2915 2674 2994 Ulpianus

570 3034 903 3106 provocat,
934 3022 1171 3083 nullam
1208 3024 1393 3085 aliain
1420 3023 1602 3086 nisil.
1627 3045 1664 3084 2
1702 3025 1771 3088 C.
1808 3048 1876 3108 7,
1909 3026 1985 3109 73
2021 3045 2149 3084 esse
2178 3021 2504 3105 probabile
2535 3033 2672 3099 est3

569 3130 893 3192 novissimi
943 3129 1307 3203 Zimmern
1354 3130 1398 3191 l.
1443 3152 1499 3192 c.
1522 3154 1658 3214 ‚.p
1695 3130 1815 3214 296
1848 3142 1911 3191 et
1938 3153 2105 3213 seq„
2155 3141 2218 3190 et
2263 3130 2676 3211 Schweppe,

566 3224 618 3301 l
645 3256 700 3297 c.
727 3259 839 3319 ‚.p
879 3256 1024 3321 127,
1076 3248 1312 3299 textum
1340 3238 1461 3300 loci
1484 3259 1700 3309 verum
1724 3247 1788 3301 et
1810 3237 2071 3332 speciale
2110 3236 2243 3301 fisci
2269 3232 2672 3318 privilegium

569 3284 850 3405 obtiriere
892 3344 1259 3407 defendunt.

649 3473 760 3556 (2)
802 3475 897 3536 De
944 3471 1059 3537 hac
1093 3475 1442 3560 hypotheca
1484 3438 1617 3539 fisci
1654 3499 1790 3561 quae
1835 3479 1903 3538 in
1952 3473 2258 3560 primipili
2304 3474 2516 3541 uxori's
2557 3472 2674 3534 do·-

426 3566 427 3571 ¹
486 3532 523 3597 Α·
563 3591 690 3642 tem
747 3581 1099 3658 extenditur
1164 3581 1597 3666 loquunturl.
1648 3583 1691 3662 4
1749 3585 1819 3645 C.
1861 3583 1943 3659 8,
1999 3583 2070 3644 ι6
2119 3583 2243 3666 (in
2290 3581 2467 3665 quib.
2514 3598 2669 3641 cau-

562 3690 649 3750 sis
684 3691 856 3772 pign.
896 3690 1067 3752 tacit.
1084 3692 1154 3772 );
1200 3689 1245 3752 l.
1285 3693 1325 3753 3
1371 3689 1442 3752 C.
1501 3709 1613 3772 ια,
1658 3689 1741 3753 63
1781 3691 1903 3772 (de
1949 3689 2365 3775 primipilo);
2418 3684 2659 3762 Glitck,

564 3794 646 3858 Τ.
694 3796 844 3858 XIX
885 3818 950 3858 n.-
995 3795 1163 3881 7515
1198 3815 1263 3879 p.
1302 3796 1443 3882 267.
1531 3812 1532 3815 ’
2765 3792 2771 3799 ’

646 3930 759 4011 (3)
801 3929 1132 4011 Men-enda,
1171 3928 1468 3998 controv.
1508 3930 1707 4016 iuris,
1729 3925 1852 3999 [ih.
1893 3925 1986 3998 m
2014 3972 2038 4013 5
2087 3940 2222 4018 cap·
2276 3948 2360 4016 93
2415 3925 2674 4007 alim.-

565 4059 632 4121 p.
676 4033 981 4099 268-288‘.
