2893 4778
944 343 1161 392 mmm
1213 321 1266 390 ι’.
1319 353 1415 377 -—-
1470 341 1630 392 CAP.
1680 307 1780 390 iv.
2246 303 2398 417 ‘259

271 463 889 560 v'endidit‘eamque
932 463 1122 532 simul
1139 461 1474 534 'conduxit
1491 516 1509 548 ,
1553 478 1664 532 aut
1704 449 2174 533 usumfructum
2208 467 2276 532 in
2324 491 2398 533 ea

270 586 393 651 sibi
448 582 600 648 dare
645 581 895 648 curavit
923 632 940 659 ,
993 584 1064 646 in
1130 581 1428 650 societate
1496 582 1793 648 omnium
1865 581 2188 650 bonorum
2233 606 2396 651 con-

269 711 502 780 tracta,
544 694 1087 786 similibusquessin
1129 697 1328 762 causis
1380 700 1401 779 (
1431 703 1521 781 1).

336 892 367 975 §
416 885 537 954 IX.
596 883 713 953 De
757 881 1127 951 amittenda
1163 887 1585 976 possessione
1628 883 1706 950 in
1750 888 2121 952 universum
2172 889 2253 972 (2
2274 890 2324 972 ).

378 1101 519 1145 122.
566 1073 870 1141 Possessio
896 1071 1089 1140 semel
1115 1066 1301 1139 nobis
1328 1072 1635 1168 acquisita
1663 1097 1741 1144 eo
1761 1098 1960 1167 usque
1978 1090 2399 1153 conservatur

273 1193 495 1286 (quin
549 1189 763 1282 aliquo
814 1186 897 1256 ad
947 1212 1092 1255 eam
1123 1185 1530 1256 retinendam
1580 1189 1749 1257 facto
1795 1185 1880 1258 sit
1924 1200 2148 1285 opus),
2193 1191 2397 1261 donec
2459 1200 2462 1204 ’

275 1332 467 1375 causa
500 1306 828 1381 extiterit,
873 1326 1017 1395 quae
1069 1326 1211 1370 eam
1255 1300 1425 1370 tollit
1490 1300 1654 1388 (3);
1721 1326 1926 1396 neque
1979 1308 2399 1375 necessarium

277 1435 372 1489 est
406 1472 425 1502 ,
479 1417 908 1513 possidentem
950 1428 1262 1510 perpetuo
1311 1429 1421 1485 aut
1481 1441 1621 1483 rem
1671 1416 2082 1509 corporaliter
2134 1433 2348 1486 tenere
2372 1472 2393 1502 ,

277 1535 649 1602 animumve
675 1531 1038 1625 possidendi
1065 1533 1302 1599 habere
1340 1558 1360 1617 3
1401 1545 1554 1599 tunc
1598 1531 1997 1601 solummodo
2026 1536 2248 1601 amissa
2277 1540 2404 1607 erit

274 1650 622 1780 possessio,
674 1650 726 1715 si
755 1648 1076 1715 contraria
1123 1651 1256 1736 ejus
1302 1648 1703 1739 acquisitioni
1740 1643 2027 1716 conditio
2069 1652 2393 1735 extiterit,

149 1773 160 1780 ”
278 1767 321 1831 i.
358 1789 419 1830 e.
467 1767 521 1829 si
556 1781 867 1855 possessor
896 1775 1007 1829 aut
1040 1763 1330 1828 animum
1366 1785 1529 1829 rem·
1544 1786 1679 1829 non
1712 1763 2069 1855 possidendi
2094 1768 2399 1858 coeperit,

281 1892 392 1945 aut
446 1871 803 1944 naturalem
855 1880 951 1943 rei
1003 1879 1283 1943 amiserit
1346 1875 1836 1958 detentionem,
1905 1881 1995 1945 ita
2054 1892 2128 1946 ut
2181 1878 2262 1947 de
2322 1905 2398 1948 ea

279 1991 667 2085 disponendi
723 1990 1092 2059 facultatem
1149 1991 1387 2059 hahere
1452 1990 1696 2070 desinat
1755 1991 1889 2077 (4).
1954 1991 2152 2060 Nullo
2203 1995 2397 2063 modo

279 2104 676 2199 requiritur,
729 2119 803 2173 ut
848 2119 916 2172 et
971 2096 1261 2173 animum
1301 2105 1666 2198 possidendi
1709 2107 2022 2195 abjecerit
2034 2152 2052 2188 ,
2096 2121 2161 2174 et
2207 2110 2401 2180 simul

280 2219 601 2314 corporali
646 2222 1027 2313 possessione
1077 2222 1359 2315 privatus
1405 2223 1505 2288 sit.
1579 2221 1776 2288 Recte
1832 2225 2048 2312 itaque
2102 2222 2395 2306 dicitur,

278 2336 735 2431 possessionem
783 2335 885 2405 vel
922 2338 1169 2415 anim0,
1209 2334 1310 2406 vel
1346 2359 1617 2428 corpore
1660 2359 1836 2428 posse
1866 2336 2073 2405 amitti
2118 2339 2255 2423 (5).
2299 2339 2399 2407 De

279 2464 394 2519 utr
396 2476 562 2543 aque
598 2449 933 2518 amittendi
966 2475 1151 2519 causa
1183 2449 1557 2544 singillatim
1602 2448 2066 2542 dispiciendum
2105 2465 2215 2519 est.

382 2564 709 2649 Caeterum
744 2568 944 2649 etiam
969 2574 1138 2633 -tunc
1183 2564 1464 2658 aliquem
1493 2564 1811 2658 possidere
1844 2563 2168 2649 desinere,
2202 2568 2254 2632 si
2291 2580 2411 2663 aut

284 2682 424 2774 ipse
476 2680 873 2774 possessionis
908 2678 1222 2747 habendae
1270 2682 1543 2773 incapax
1582 2681 1784 2749 factus
1826 2680 1908 2747 sit
1931 2726 1951 2763 ,
2001 2678 2105 2748 vel
2134 2705 2233 2747 res
2260 2680 2405 2759 talis

376 3000 500 3085 (1)
539 2998 611 3062 L.
645 3018 767 3086 77,
809 3022 908 3085 pr.
948 3001 1028 3063 D.
1074 3001 1152 3080 6,
1207 3001 1367 3085 i(de
1399 3023 1521 3064 rer.
1559 2998 1831 3085 vind.),
1883 2999 1930 3066 l.
1998 3001 2121 3080 28,
2180 3003 2227 3063 l.
2280 3001 2401 3081 35,

287 3108 320 3192 ᾖ
370 3110 457 3185 5,
516 3108 590 3168 G.
632 3105 826 3188 8‚54
869 3109 996 3193 (de
1036 3098 1594 3193 donat.)‚l.1,§
1649 3102 1826 3189 131.
1877 3129 1957 3188 2,
2013 3110 2093 3172 D.
2144 3129 2263 3195 17,
2315 3114 2399 3188 2,

286 3217 449 3298 (pro
487 3218 726 3298 socio).
1970 3254 1973 3257 >

377 3322 488 3404 (2)
515 3321 676 3399 ,Von
699 3322 976 3407 Savigny
1002 3344 1057 3383 c.
1086 3322 1124 3383 3
1148 3365 1166 3400 ,
1191 3320 1221 3405 ᾗ
1245 3320 1483 3405 29-333
1515 3319 1767 3383 The'mis
1786 3367 1804 3399 ,
1840 3319 1887 3383 l.
1921 3341 1976 3381 c.
2004 3342 2081 3404 p.
2104 3317 2405 3400 246-256.

376 3425 482 3508 (3)
524 3427 595 3486 L.
653 3428 733 3501 3,
785 3425 943 3511 §6,
987 3427 1077 3508 8,
1136 3426 1250 3504 13,
1301 3450 1420 3513 17,
1463 3428 1542 3488 D.
1589 3422 1658 3489 h.
1708 3439 1805 3506 t.;
1855 3426 1903 3489 l.
1944 3424 2026 3507 4,
2070 3429 2139 3489 C.
2181 3428 2318 3489 eod.

373 3528 490 3613 (4)
531 3530 666 3609 Hoc
692 3542 755 3593 et
796 3542 1116 3607 statuunt,
1164 3533 1241 3592 L.
1270 3529 1350 3608 8,
1392 3533 1471 3593 D.
1511 3530 1575 3593 h.
1604 3545 1655 3595 t.
1685 3532 1818 3594 etl.
1859 3533 2013 3609 153,
2054 3535 2130 3596 D.
2171 3534 2284 3611 50,
2335 3555 2405 3619 ¹7

292 3640 333 3718 (
358 3634 437 3697 de
483 3634 560 3699 R.
608 3634 645 3696 J
652 3681 667 3707 ,
697 3638 771 3717 )‚
814 3649 979 3699 recte
1024 3634 1378 3699 intellectoe.
1422 3637 1583 3701 Loca
1612 3638 1744 3701 haec
1770 3637 2133 3701 difficillima
2175 3640 2411 3722 optime

289 3743 741 3826 interpretatus
762 3755 857 3805 est
881 3764 1011 3805 von
1031 3744 1309 3829 Savigny
1335 3766 1397 3829 p.
1423 3766 1536 3829 291
1551 3787 1567 3795 ·
1589 3749 1704 3811 300
1732 3767 1752 3826 3
1786 3747 2045 3809 verbum
2067 3762 2411 3821 unumqms

289 3850 428 3910 sive
470 3872 667 3912 unum
710 3853 843 3914 sive
887 3850 1154 3913 alterum
1201 3852 1516 3935 significat
1552 3874 1570 3913 ε
1614 3851 1849 3914 Paulus
1888 3854 2200 3936 praecipue
2230 3901 2248 3931 ,
2298 3863 2410 3917 nos

286 3955 375 4016 ad
421 3957 684 4017 verbum
731 3979 1127 4020 conrnanmu
1161 3959 1520 4038 attendere,
1576 3960 1803 4024 voluit.

381 4061 494 4143 (5)
534 4063 606 4124 L.
653 4062 856 4150 44,§
901 4086 982 4145 2,
1027 4068 1108 4133 D.
1147 4065 1218 4129 h.
1262 4077 1313 4128 t.

1939 4224 2064 4301 17.
