2893 4778
842 321 1056 374 mmm
1109 321 1160 373 1.
1215 328 1309 356 ·--
1362 277 1541 375 cars
1571 323 1625 374 1.
1982 381 1987 386 ,
2153 302 2289 396 ιδι,

276 449 364 513 18.
410 446 509 513 De
547 443 896 513 doctrinali
924 448 1449 538 interpretatione
1493 446 1773 527 dicturi,
1810 441 1890 514 de
1927 447 2117 516 variis
2152 417 2290 538 ejus

192 562 492 653 speciebus
545 559 925 653 singillatim
975 559 1404 652 dispiciamus.
1463 560 1664 652 Quod
1692 561 1774 628 ad
1808 566 2290 654 grammaticam

188 655 756 768 interpretationem
813 675 1075 758 attinet,
1121 674 1234 739 has
1279 673 1531 768 regulas
1572 700 1609 742 a
1658 678 1979 744 veteribus
2035 704 2282 772 propo-

185 791 309 857 sitas
342 791 730 858 invenimus.'

219 959 222 968 s
260 926 319 971 α.
357 903 451 968 Ea
516 901 869 970 verborum
936 898 1326 994 significatio
1396 913 1490 967 est
1555 900 1877 996 sequenda
1914 952 1931 982 ,
2021 928 2161 995 quae
2218 907 2288 973 in

187 1021 303 1106 jure
321 1028 574 1109 recepta
596 1021 730 1099 est(
753 1046 772 1084 ι
801 1021 821 1098 )
851 1067 869 1094 ,
895 1027 1006 1082 aut
1033 1039 1229 1106 quam
1257 1013 1580 1103 legislator
1604 1014 2097 1085 adhibere-solet
2122 1024 2238 1105 (2)
2267 1072 2285 1103 ,

187 1128 313 1196 alias
354 1129 604 1222 vulgari
649 1128 997 1197 verborum
1037 1129 1244 1194 sensui
1298 1127 1622 1206 standum.
1678 1161 1707 1169 ··

261 1244 492 1312 Idcirco
563 1268 640 1312 ea
705 1267 966 1336 quoque
1013 1240 1508 1312 vocabulorum
1567 1267 1746 1310 mens
1804 1268 2056 1335 semper
2112 1247 2285 1323 acci-2

190 1356 391 1448 pienda
417 1370 554 1435 est,
592 1379 739 1447 quae
760 1406 777 1435 ,
809 1354 970 1421 dum
1006 1352 1114 1419 lex
1148 1354 1545 1432 scribebatur
1568 1403 1584 1433 ,
1620 1355 1690 1420 in
1725 1377 1845 1420 usu
1873 1366 2041 1437 erat,
2078 1380 2296 1448 neque-

191 1497 309 1562 quae
350 1486 495 1540 ante
550 1484 663 1536 aut
713 1482 854 1562 post
904 1467 1083 1535 illam
1132 1470 1427 1535 emissam
1463 1473 1498 1553 ·(
1525 1468 1632 1554 3).

267 1586 321 1655 b.
360 1589 512 1654 Non
573 1608 652 1650 ex
699 1606 828 1650 una
884 1581 1096 1672 aliqua
1156 1581 1313 1675 legis
1359 1580 1674 1673 particula
1706 1632 1725 1663 ‚
1756 1639 1761 1642 .
1797 1575 1919 1669 sed,
1956 1592 2092 1648 tota
2142 1581 2286 1677 lege
2414 1599 2429 1613 ·

195 1699 329 1768 bene
365 1699 749 1793 perspecta‚‘
772 1703 908 1787 ejus
937 1701 1248 1764 sententia
1279 1696 1654 1765 deducenda
1698 1711 1790 1765 est
1828 1704 1863 1782 .(
1886 1696 1973 1782 4)
2018 1725 2035 1779 ;
2092 1722 2285 1792 quam

200 1816 266 1880 ob
300 1841 429 1883 rem
473 1839 617 1882 non
667 1811 871 1881 solum
917 1838 992 1879 ea
1044 1812 1244 1885 verba
1276 1862 1294 1894 ,
1341 1814 1572 1904 quibus
1629 1811 1788 1905 legis
1837 1815 2078 1880 sanctio
2132 1839 2290 1888 con--

200 1930 405 1998 tinetur
433 1981 455 2011 ,
520 1927 868 2021 spectanda
911 1940 1061 1995 sunt
1098 1978 1115 2008 ,
1188 1924 1298 1993 sed
1347 1940 1414 1993 et
1460 1950 1684 1994 eorum
1732 1929 1897 1998 ratio
1942 1926 2239 1995 habenda
2264 1999 2284 2033 2

199 2045 253 2108 in
294 2046 515 2137 quibus
554 2043 715 2134 legis
766 2042 962 2108 finem
1003 2054 1069 2108 et
1122 2064 1374 2108 causam
1420 2040 1746 2134 legislator
1781 2040 2090 2111 indicavit
2136 2042 2283 2129 (5).

271 2184 319 2225 c.
358 2158 631 2225 Nullum
686 2158 957 2225 verbum
1015 2156 1086 2220 in
1138 2154 1281 2246 lege
1337 2157 1732 2247 superfluum
1799 2153 1900 2222 vel
1971 2155 2286 2224 inutiliter

200 2275 441 2363 positum
488 2273 807 2339 habeatur
829 2320 844 2349 ‚
899 2282 1011 2336 aut
1035 2289 1138 2336 'ex
1181 2267 1535 2335 abundanti
1584 2268 1902 2354 adjectum
1935 2296 1953 2352 3
1998 2271 2124 2338 nisi
2159 2271 2284 2339 hoc

201 2367 651 2454 evidentissimis
706 2383 1190 2479 probationibus
1239 2381 1485 2451 ostendi
1542 2384 1738 2476 possit
1798 2383 1947 2472 (6).
2007 2383 2080 2452 Si
2134 2411 2287 2458 vero

269 2797 378 2882 (1)
422 2795 844 2881 Exempla.in
890 2790 948 2862 l.'
988 2818 1009 2857 1
1069 2807 1132 2859 et
1173 2794 1272 2858 52.
1317 2792 1399 2858 D.
1449 2791 1564 2871 50,
1622 2790 1712 2860 16.
1756 2789 1863 2875 (d.
1911 2814 1973 2856 v.
2021 2813 2069 2854 s.
2115 2790 2161 2878 ).

269 2950 374 3034 (a)
414 2954 484 3014 L.
531 2951 626 3036 69
655 2953 678 3030 ,’
719 2950 747 3034 ᾗ
789 2973 811 3012 1
851 2997 869 3028 ‚
906 2949 951 3011 l.
1002 2971 1127 3034 99,
1168 2970 1267 3033 pr.
1312 2949 1393 3010 D.
1436 2948 1514 3008 32
1557 2947 1677 3028 (de
1714 2944 1895 3028 legat.
1946 2947 2110 3026 111).

271 3108 376 3187 (3)
417 3104 496 3166 V.
551 3105 631 3165 de
684 3102 803 3164 hac
858 3101 1073 3185 regula
1121 3101 1179 3161 J.
1228 3099 1309 3160 H.
1339 3099 1691 3176 Boehmer,
1741 3099 1892 3159 diss.
1947 3091 2025 3158 de
2064 3098 2288 3180 interp.

206 3227 371 3290 gram.
421 3213 571 3274 fatis
608 3224 672 3272 et
715 3230 828 3272 usu
865 3211 931 3271 in
972 3212 1131 3292 jure
1166 3227 1320 3270 rom.
1364 3210 1440 3269 In
1486 3206 1803 3268 Heineccii
1844 3205 1944 3267 ed.
1989 3205 2291 3274 Brissonii

202 3316 266 3379 de
306 3322 475 3383 verb.
523 3320 735 3403 signif.
783 3318 812 3403 §
851 3317 963 3380 IX.
1632 3382 1637 3389 „

271 3473 379 3556 (4)
425 3474 501 3537 L.
548 3471 629 3553 24
659 3522 677 3552 ‚
717 3472 802 3537 D.
832 3471 901 3534 h.
938 3482 987 3533 t.
1029 3482 1101 3551 (ι
1132 3518 1150 3548 ,
1195 3471 1256 3533 3.
1281 3469 1338 3554 ).
1382 3469 1599 3532 Cicero
1635 3468 1714 3531 de
1752 3470 2003 3532 Invent.
2041 3468 2141 3541 11,
2183 3465 2290 3543 40.

275 3602 385 3686 (5)
428 3603 577 3664 Haec
609 3582 827 3686 regula
858 3602 926 3662 in
957 3599 1511 3663 constitutionibus
1545 3597 1883 3660 Justiniani
1913 3592 2295 3679 explicandis

202 3712 389 3791 magni
434 3710 739 3772 momenti
786 3719 901 3771 est.

273 3861 379 3942 (6)
427 3889 457 3921 n
496 3862 695 3924 Nemo
750 3859 1192 3923 existimandus
1255 3868 1352 3922 est
1400 3857 1633 3919 dixisse
1681 3853 1849 3937 quod
1910 3871 2038 3913 non
2089 3861 2297 3912 mente

203 3967 552 4047 agitaverit»
586 3966 632 4032 l.
668 3991 702 4056 7
730 4016 747 4048 ‚
780 3968 810 4053 §
839 3989 876 4031 2
908 4009 923 4049 9
951 3968 996 4029 l.
1027 3989 1074 4052 9
1110 3988 1207 4052 pr.
1238 3968 1321 4030 D.
1353 3966 1474 4045 33,
1529 3984 1599 4025 ιο
1626 3961 1748 4044 (de
1771 3957 2041 4063 suppell.
2080 3957 2290 4041 legat).-

1864 4167 1942 4217 11
