2893 4778
599 280 735 354 162
905 300 1417 354 commmnnn
1470 301 1671 351 smus
1726 300 2008 352 nonum
2062 303 2382 362 rmum-rt.

590 437 920 520 quaeratur
954 453 971 491 ε
1014 409 1099 491 an
1152 417 1385 517 species
1429 426 1649 516 generi
1683 475 1699 504 ‚
1757 423 1837 492 de
1889 449 2020 518 quo
2053 428 2356 500 statuitur
2389 478 2407 507 ‚
2471 419 2703 517 adjecta

591 522 842 609 minuat
896 540 1373 633 dispositionem
1408 541 1437 605 ἲ
1492 538 1841 606 dicendum
1889 553 1985 607 est
2050 565 2195 609 eam
2237 563 2321 609 ex
2358 540 2699 610 abundanti
2734 545 2739 550 ’

589 679 719 726 esse
761 653 1046 724 additam
1093 659 1116 742 (
1149 660 1244 742 1).

677 770 753 837 d.
821 768 1073 859 Quodsi
1118 781 1335 835 tamen
1376 765 1595 859 aliqua
1629 762 1957 859 dispositio
2003 769 2388 839 nominatim
2432 768 2515 835 ad
2568 792 2701 836 cer-

587 895 685 952 tos
725 908 899 952 casus
948 885 1233 950 restricta
1273 885 1344 947 in
1389 881 1530 974 lege
1583 883 1913 952 invenitur
1931 934 1948 963 ‚
2008 873 2524 950 conciudendum
2567 897 2694 964 est,

585 998 864 1090 reliquos
908 1022 1083 1065 casus
1123 1022 1198 1064 ea
1235 1021 1370 1063 non
1405 996 1721 1063 contineri
1741 1045 1758 1077 ‚
1817 994 1999 1089 quod
2029 1022 2070 1062 A
2113 1023 2454 1064 com-num
2500 1025 2698 1067 Anou-

584 1139 849 1183 usn-mm
897 1111 1155 1181 dicitur.
1201 1113 1296 1197 lta
1342 1110 1449 1177 lex
1477 1162 1495 1192 ‚
1556 1109 1812 1203 quoe‘in
1845 1091 2255 1204 'praeteritum
2297 1111 2545 1205 aliquid
2596 1114 2692 1179 in-

581 1225 807 1321 dulget
837 1229 866 1310 ‚‘
915 1225 990 1293 in
1040 1227 1332 1294 futurum
1377 1236 1551 1294 vetat
1594 1230 1740 1313 (2).
1804 1225 1979 1293 Cum
2017 1227 2158 1293 haec
2210 1207 2433 1319 legum
2491 1229 2693 1294 inter-

521 1431 524 1438 y
579 1347 859 1438 pretatio
915 1366 1080 1435 saepe
1134 1340 1489 1436 periculosa
1557 1344 1694 1426 sit3
1763 1354 1919 1410 tunc
1984 1341 2248 1410 demum
2304 1341 2698 1412 admittenda

579 1460 702 1526 erit
735 1511 751 1540 ‚
800 1457 1060 1551 quando
1106 1457 1464 1524 certissimis
1503 1467 1570 1523 et
1614 1458 1978 1524 necessariis
2035 1456 2393 1525 rationibus
2441 1456 2697 1551 legisla-

459 1553 469 1563 ’
579 1583 738 1648 toris
775 1572 1069 1642 voluntas
1118 1572 1386 1665 probata
1432 1584 1526 1639 est
1573 1571 1716 1659 (3).

678 1710 777 1778 19.
820 1688 1066 1780 Logica
1123 1669 1568 1779 interpretatio
1622 1684 1700 1753 fit
1749 1696 1863 1754 aut
1907 1683 2123 1756 verbis'
2161 1685 2318 1779 legis
2361 1684 2555 1753 claris
2581 1737 2599 1767 ‚
2656 1711 2694 1753 a

580 1821 858 1895 quarum
884 1825 1038 1889 vero
1072 1804 1383 1868 sententia
1409 1798 1841 1868 recedendum
1884 1813 1976 1868 est
1992 1852 2009 1882 ‚
2054 1825 2205 1867 cum
2237 1813 2483 1869 constet
2519 1798 2691 1868 aliud

574 1916 844 1985 voluisse
890 1908 1318 2010 legislatorem
1358 1942 1377 1999 3
1426 1926 1540 1982 aut
1581 1913 1926 1982 adhibetur
1961 1914 2044 1982 ad
2084 1914 2282 1982 dubia
2320 1927 2386 1982 et
2426 1916 2694 1983 obscura

574 2027 736 2122 legis
795 2030 990 2098 verba
1023 2021 1133 2096 dex
1196 2031 1554 2096 intentione
1586 2028 1992 2121 ¹legislatoris
2046 2028 2447 2123 explicanda.
2507 2031 2690 2098 Hanc

575 2172 1038 2218 nncmmnvsu
1086 2159 1320 2216 vocant
1360 2173 1381 2229 3
1442 2145 1620 2212 illam
1674 2171 2040 2215 zxrnusmu
2092 2144 2196 2214 vel
2249 2159 2690 2216 uns-rmcnun

570 2284 701 2331 esse
730 2259 981 2343 dicunt,
1034 2273 1228 2355 prout
1272 2260 1602 2354 dispositio
1618 2260 1644 2343 ,’
1678 2259 1836 2353 legis
1869 2260 2092 2351 verbis.
2130 2271 2431 2327 contenta
2467 2271 2697 2327 exten·-

539 2752 540 2755 ,
656 2677 777 2761 (1)
821 2678 892 2740 L.
950 2698 1024 2740 12
1053 2723 1073 2756 ‚
1120 2676 1150 2762 ἦ
1192 2676 1277 2758 46
1306 2726 1323 2753 ,
1380 2679 1463 2739 D.
1505 2680 1593 2771 ,33
1626 2726 1644 2757 ‚
1699 2700 1732 2764 7
1784 2678 1807 2760 (
1852 2677 1929 2741 de
1954 2679 2241 2740 instrum.
2285 2686 2349 2740 et
2390 2660 2689 2741 instruct.

572 2781 754 2843 fund.
806 2782 1046 2866 legato)
1093 2782 1137 2843 1.
1187 2805 1269 2866 9,
1318 2805 1414 2866 pr.
1465 2784 1545 2843 D.
1599 2785 1717 2861 33,
1768 2804 1840 2845 {o
1879 2784 1984 2845 cit.
2033 2783 2115 2845 V.
2159 2784 2457 2846 Averanii
2491 2785 2687 2844 inter-

568 2891 906 2973 pretation.
954 2889 1071 2951 lib.
1110 2894 1243 2968 111,
1282 2913 1339 2952 c.
1363 2888 1457 2952 ‘23
1483 2939 1501 2969 ‚
1531 2891 1636 2970 24.

654 3047 765 3129 (2)
809 3048 888 3109 L.
928 3069 1007 3110 22
1039 3095 1058 3126 ‚
1099 3049 1181 3110 D.
1230 3048 1296 3117 h.
1344 3060 1392 3110 t.
1441 3047 1738 3130 Exempla
1787 3049 1856 3109 in
1902 3046 1951 3109 l.
1999 3046 2120 3127 18,
2162 3047 2245 3110 D.
2283 3069 2401 3127 225
2445 3048 2531 3111 5.
2566 3048 2688 3130 (de

568 3155 825 3236 testib.)
872 3155 917 3216 l.
968 3154 1081 3232 18,
1127 3156 1255 3238 §11
1293 3202 1311 3233 ‚
1353 3155 1434 3216 D.
1479 3156 1677 3239 33,.7
1721 3155 2005 3236 (cit.)1.
2064 3156 2294 3241 100‚§
2341 3178 2365 3218 ι
2402 3203 2422 3233 ,
2462 3159 2560 3246 D.
2606 3157 2684 3217 32

572 3261 753 3346 (leg.
801 3261 945 3346 111)
988 3261 1037 3325 l.
1092 3283 1115 3324 1
1147 3310 1164 3340 ‚
1193 3264 1280 3327 D.
1325 3260 1445 3340 34,
1503 3284 1552 3323 1.
1589 3263 1701 3343 (de
1739 3283 1892 3322 auro
1940 3264 2140 3345 arg.).
2226 3244 2231 3253 ⁴

648 3418 759 3501 (3)
800 3416 1025 3480 Plures
1058 3428 1420 3500 argumenta
1445 3439 1496 3477 ‘a
1534 3417 1849 3485 contrario
1883 3419 2140 3479 omnino
2180 3418 2480 3496 rejiciunt
2505 3465 2526 3497 ‚
2572 3418 2685 3480 alii

561 3544 634 3585 ea
662 3571 681 3600 ‚
721 3526 774 3585 si
816 3524 939 3606 juri
978 3524 1289 3584 communi
1329 3523 1581 3584 faveant
1611 3570 1628 3595 ,
1677 3533 1919 3583 tantum
1960 3525 2324 3586 admittunt.
2360 3524 2440 3585 V.
2482 3526 2567 3586 de
2602 3529 2681 3595 iis

565 3629 871 3708 Thibaut,
909 3629 980 3691 V
974 3629 1225 3690 ersuche
1253 3674 1269 3703 ‚
1316 3627 1393 3687 T.
1422 3627 1449 3684 1
1478 3673 1494 3699 ‚
1526 3648 1593 3708 p.
1637 3624 1776 3685 280.
1809 3625 1882 3685 In
1918 3628 2239 3708 rescriptis
2270 3624 2371 3688 vei
2410 3627 2689 3688 decretis

559 3739 920 3820 principum
958 3746 1070 3796 aut
1098 3729 1379 3796 Jctorum
1422 3735 1735 3817 responsis
1771 3734 2253 3815 interpretandis
2289 3735 2380 3812 ⁴ab
2412 3733 2540 3795 hoc
2582 3757 2684 3795 ar·-

559 3855 852 3926 gumento
889 3829 1330 3904 abstinendum
1363 3850 1460 3906 est
1493 3862 1511 3903 ε
1558 3860 1701 3904 nam
1727 3839 1832 3902 hic
1867 3866 1894 3897 ιι
1941 3841 2121 3902 anius
2147 3843 2380 3924 ροειίἰο
2420 3860 2561 3901 non
2595 3852 2690 3903 est

557 3949 807 4012 alterius
846 3951 1148 4035 exclusi&
1193 3970 1229 4009 n
1883 3953 1889 3960 '
