2893 4778
825 360 1076 408 ‘Lmen
1128 361 1211 407 11.
1267 375 1361 389 --
1427 359 1587 407 CAP.
1628 360 1728 408 ‘110
2050 376 2054 380 ·
2221 336 2367 425 445

227 483 775 565 adnumerantur,
836 488 935 571 jus
987 481 1353 551 usufructus
1404 497 1471 550 et
1521 483 1604 550 ad
1642 487 1805 577 ipsas
1855 485 2222 553 extenditur
2251 537 2269 567 ,
2321 483 2403 553 si'

219 599 501 693 -quidem
579 624 728 666 cum
796 622 866 663 re
913 599 1264 665 *cohaerent
1314 624 1335 683 ·,
1424 597 1506 665 ad
1583 599 1895 689 separatas
1964 625 2118 669 vero
2177 599 2377 669 veluti
2435 690 2441 697 .

235 715 323 781 ad
367 711 640 781 insulam
692 737 900 807 prope
957 711 1277 805 praedium
1322 715 1394 780 in
1442 713 1713 781 flumine
1761 727 1979 781 natam
2029 716 2198 782 trahi
2243 741 2379 783 nou

238 827 432 895 debet
479 833 499 912 (
527 833 614 913 1).
993 839 998 846 “

336 941 482 1026 304.
528 942 702 1008 Cum
763 940 1149 1008 fructuarius
1212 941 1290 1007 de
1357 943 1505 1034 ipsis
1560 943 1751 1009 rebus
1783 994 1800 1023 ,
1867 944 1936 1007 in
1981 943 2215 1036 quibus
2279 949 2381 1032 jus

246 1082 437 1125 suum
499 1057 782 1124 consistit
836 1109 853 1138 ,
925 1054 1170 1122 domini
1214 1055 1298 1122 ad
1363 1055 1562 1123 instar
1606 1056 1941 1149 disponere
2001 1082 2131 1123 non
2190 1063 2383 1148 possit

160 1191 164 1200 ·
251 1178 275 1256 (
302 1185 399 1236 11⁰.
430 1171 588 1254 300)
611 1154 634 1252 ,¹
677 1191 795 1237 nec
823 1195 1039 1236 rerum
1069 1170 1342 1237 formam
1368 1196 1487 1237 nec
1515 1170 2005 1239 destinationem
2038 1186 2285 1240 mutare
2321 1178 2385 1241 ei

245 1286 651 1378 permittitur
681 1336 697 1365 ,
770 1286 1016 1350 etiamsi
1070 1284 1324 1351 fortasse
1380 1311 1457 1351 eo
1529 1284 1974 1353 fructuosiores
2036 1286 2386 1354 redderen-

254 1412 413 1482 tur3
451 1398 705 1465 reficere
744 1423 894 1467 vero
940 1411 1049 1465 aut
1094 1398 1428 1466 meliorem
1473 1399 1678 1466 facere
1723 1413 1930 1494 potest
1977 1403 2386 1493 proprietatis

259 1538 517 1580 eausam
549 1566 565 1594 ,
648 1516 700 1579 si
760 1537 858 1578 res
928 1514 1061 1605 ipsa
1128 1538 1263 1578 non
1344 1524 1721 1580 immutetur
1797 1521 1878 1595 (2
1909 1520 1958 1599 ).
2038 1514 2391 1581 Usufructu

258 1628 452 1696 fundi
480 1627 725 1719 legam,
756 1633 975 1718 itaque
1007 1626 1366 1694 fructuario
1395 1652 1529 1695 non
1564 1626 1716 1694 licet
1746 1628 2000 1694 arbores
2027 1626 2394 1694 deambula-

263 1744 517 1809 tionum
556 1766 739 1808 causa
777 1742 1009 1834 positas
1052 1740 1154 1809 vel
1202 1740 1434 1809 viridia
1480 1741 1749 1829 dejicere
1781 1793 1799 1822 ,
1856 1755 1928 1808 ut
1975 1741 2138 1808 forte
2174 1742 2393 1809 hortos

271 1856 557 1923 olitorios
618 1855 808 1922 faciat
875 1856 1004 1939 (3).
1054 1854 1315 1920 AEdium
1355 1854 1870 1922 usufructuarius
1902 1904 1949 1936 ,-
1988 1855 2138 1922 licet
2195 1880 2393 1922 orna—

274 1983 492 2037 menta
540 1972 615 2034 iis
657 1967 887 2034 addere
939 1969 1169 2061 possit,
1214 1993 1434 2035 earum
1476 1967 1848 2060 qualitatem
1891 1981 2105 2036 tamen
2147 1985 2415 2056 mutar-122

278 2087 502 2177 nequit
536 2136 553 2166 ‚
603 2083 761 2150 adeo
833 2095 906 2148 ut
959 2108 1078 2150 nec
1126 2082 1423 2165 facultas,
1482 2095 1763 2177 coeptum
1810 2082 2151 2150 aedificium
2213 2084 2399 2152 altius

279 2196 544 2265 tollendi
583 2200 643 2263 ei
683 2223 970 2265 concessa
1031 2200 1110 2265 sit
1152 2197 1235 2287 (4
1258 2204 1305 2281 ).
1482 2187 1495 2196 ⁴

375 2313 695 2379 Horreum
746 2338 900 2381 vero
927 2312 1255 2380 fructuum
1287 2310 1803 2405 recipiendorum
1848 2314 2050 2404 gratia
2085 2313 2155 2377 in
2196 2311 2400 2381 fundo

287 2452 523 2521 ponere
580 2452 712 2513 non
744 2428 1168 2520 prohibetur,
1224 2427 1325 2495 vel
1366 2452 1486 2519 pro
1535 2425 1819 2493 custodia
1863 2453 2108 2507 rerum,
2142 2453 2286 2518 quae
2329 2430 2401 2494 in

290 2568 436 2608 area
488 2555 638 2609 sunt
662 2594 678 2623 ,
729 2543 818 2607 ibi
868 2567 1075 2608 casam
1122 2555 1449 2608 exstruere
1494 2542 1602 2626 (5.)
1623 2593 1638 2621 ,
1680 2538 1952 2634 denique
2004 2567 2211 2633 neque
2261 2532 2405 2609 rein.

289 2657 608 2748 integram
657 2681 868 2748 neque
919 2669 1169 2748 partem
1232 2660 1365 2745 ejus
1404 2666 1612 2747 potest
1663 2653 1936 2721 alienare
1997 2656 2162 2740 (6);
2217 2680 2403 2722 noxae

294 2771 446 2839 dare
495 2785 708 2840 tamen
755 2772 1238 2867 quadrupedem
1277 2775 1392 2868 qui
1444 2774 1819 2865 pauperiem
1859 2771 2010 2841 fecit
2039 2774 2315 2864 poterit,
2351 2775 2406 2840 si

295 2911 447 2954 eum
486 2889 942 2980 proprietarius
983 2885 1319 2954 defendere
1377 2885 1584 2953 noluit
1625 2890 1762 2976 (7).

386 3297 506 3379 (1)
550 3299 621 3359 L.
662 3318 741 3382 9,
802 3297 940 3382 §4,
989 3299 1069 3359 D.
1105 3296 1171 3360 h.
1209 3307 1257 3359 t.
1291 3321 1312 3380 3
1351 3297 1609 3360 Merillii
1648 3299 1955 3361 observat.
2001 3298 2103 3374 V,
2154 3298 2247 3361 18.

391 3432 510 3517 (2)
552 3434 621 3496 L.
653 3457 712 3519 7,
738 3433 766 3516 §
792 3436 827 3497 3
850 3480 866 3510 ,
890 3437 969 3497 D.
991 3433 1056 3496 h.
1083 3445 1167 3513 t.;
1189 3456 1320 3518 arg.
1349 3432 1395 3496 l.
1424 3437 1502 3497 23
1531 3436 1608 3496 D.
1642 3459 1710 3520 7,
1735 3435 1806 3512 8,
1832 3436 1931 3516 (de
1954 3458 2070 3498 usu
2092 3437 2415 3519 ethabit.).

393 3564 499 3648 (3)
542 3566 612 3628 L.
659 3569 730 3629 13
780 3566 809 3649 §
862 3565 944 3645 4,
995 3565 1287 3647 5,6,1.
1339 3567 1411 3629 15
1463 3566 1491 3650 ᾗ
1550 3589 1616 3646 1,
1659 3570 1740 3628 D.
1786 3568 1938 3629 h.t.

392 3695 1274 3782 (4)L.7,§3,1.8,1.
1324 3699 1825 3784 13§7,D.h.
1879 3711 1929 3761 t.

403 3827 507 3912 (5)
555 3830 625 3890 L:
679 3831 784 3907 13,
827 3830 856 3913 §
900 3830 982 3906 6,
1027 3830 1073 3893 l.
1134 3833 1210 3916 73
1249 3832 1328 3893 D.
1389 3824 1617 3893 h.t.'

398 3957 519 4041 (6)
561 3960 631 4021 L.
670 3959 751 4037 6,
801 3981 878 4044 9,
916 3961 986 4021 C.
1033 3957 1101 4021 h.
1143 3971 1194 4022 t.

402 4090 512 4177 (7)
552 4092 707 4178 Arg.
757 4092 804 4159 l.
855 4116 923 4179 ¹7
964 4095 1033 4160 in
1083 4095 1169 4177 fi,
1209 4095 1288 4160 D.
1333 4114 1422 4178 9,
1457 4093 1543 4177 4,
1590 4094 1714 4178 (de
1765 4094 1965 4160 noxal.
2014 4099 2211 4176 act.).
