2893 4778
647 254 746 355 96
980 261 1491 330 comum-raim
1526 281 1740 330 smus
1790 280 2072 330 nonum
2123 281 2442 333 rva'm.

644 428 802 495 quos
838 426 1055 469 omnes
1087 401 1341 494 laudare
1383 403 1511 469 hoc
1542 402 1683 471 loco
1728 429 1861 470 non
1911 426 2238 497 possumus
2275 413 2296 491 (
2323 431 2342 472 1
2366 398 2436 491 ).⁴
2467 405 2743 478 Cunctos

646 531 859 583 autem
891 529 956 583 et
992 516 1162 583 fama
1192 530 1256 583 et
1296 505 1540 584 meritis
1571 519 1698 582 suis
1729 517 1809 585 de
1845 522 2138 587 universo
2164 525 2302 609 jure
2332 546 2600 590 romano
2638 549 2745 591 su-

642 636 892 724 peravit
941 631 1461 699 celebratissimus
1515 633 1776 701 Jaconus
1834 633 2157 703 Cuucms.

740 748 860 811 Hic
896 749 1060 812 inter
1097 771 1315 812 omnes
1351 749 1733 813 recentiores
1771 750 2250 835 jurisconsultos
2293 752 2522 822 veteris
2566 754 2748 842 juris-

640 862 995 953 prudentia]
1018 873 1432 927 monumenta
1466 863 1859 953 sagacissime
1888 875 1952 928 et
1993 868 2263 957 antiquo
2319 870 2500 959 quasi
2536 855 2744 935 animo

639 975 1044 1067 pe1·{us[1·‹·uit
1072 1027 1087 1051 ‚
1152 976 1414 1065 ingenio
1474 998 1682 1040 raram
1745 975 2171 1044 eruditionem
2222 984 2528 1073 jungenS‚
2586 981 2745 1048 solus

634 1103 886 1156 tantum
932 1089 1224 1179 praestitit
1266 1112 1384 1179 pro
1425 1090 1585 1176 juria.
1631 1091 1890 1156 scientia
1912 1142 1929 1170 ‚
1970 1106 2283 1183 quantum
2333 1094 2571 1186 singuli
2614 1095 2739 1162 fere

631 1202 980 1296 *aequalium
1041 1226 1303 1269 suorum
1353 1202 1545 1267 simu]
1590 1228 1826 1270 omnes.
1868 1207 2005 1296 Ipse
2050 1232 2184 1272 non
2215 1207 2423 1274 solum
2468 1214 2741 1301 optimus

640 1316 1266 1409 elegantissimusque
1356 1315 1510 1400 juris
1579 1317 1827 1381 romani
1895 1318 2206 1410 interpres
2263 1316 2388 1384 fuit
2417 1364 2444 1396 ,
2513 1319 2624 1385 sed
2683 1335 2744 1388 et

635 1431 1024 1500 felicissimus
1081 1430 1359 1495 historiae
1405 1442 1471 1494 et
1520 1431 1978 1520 antiquitatum
2020 1435 2150 1518 ejus
2200 1431 2582 1524 indagator(
2621 1439 2736 1518 2);

634 1545 969 1636 editorque
1033 1531 1568 1635 fragmentorum·
1600 1545 1756 1629 juris
1821 1547 2332 1632 antejustinianei
2412 1560 2477 1614 et
2548 1550 2739 1640 partis

628 1659 1041 1727 Basilicorum
1061 1710 1077 1737 ‚
1119 1683 1395 1749 quorum
1430 1682 1621 1750 opem
1647 1661 1964 1751 praecipue
1994 1662 2063 1724 in
2084 1662 2566 1754 interpretando
2604 1670 2738 1753 jure

626 1776 1004 1864 justinianeo
1067 1772 1422 1853 indicavit3
1479 1771 1589 1837 sed
1645 1774 1865 1839 critica
1918 1798 2175 1865 quoque
2247 1779 2539 1845 omnium
2603 1779 2731 1845 fere

622 1892 784 1979 juris
814 1888 1056 1953 romani
1076 1887 1353 1979 partium
1382 1887 1899 1978 interpretatione
1925 1891 2252 1956 coaetaneis
2278 1892 2729 1977 jurisconsultis

571 2079 574 2080 ⁷
625 2002 901 2095 palmam
947 2003 1203 2092 eripuit.
1263 2003 1565 2067 Restituit
1610 1999 1913 2088 Cujacius
1956 2026 2170 2070 veram
2224 1997 2731 2096 jurisprudentiae

607 2140 901 2183 ‚romanae
968 2115 1237 2201 faciem3
1292 2114 1696 2181 classicorum
1754 2116 2344 2203 jurisconsultorum
2407 2120 2734 2189 thesauros

624 2233 873 2323 aperuit
896 2283 912 2312 ,
951 2243 1022 2304 Aet
1058 2228 1271 2320 quales
1313 2227 1504 2296 duces
1543 2230 1611 2293 in
1636 2227 1760 2293 illis
1802 2228 2180 2311 habeamus,
2226 2217 2393 2298 miro
2437 2209 2732 2329 ingenie,

624 2347 917 2413 omnium
968 2354 1330 2435 temporum
1370 2341 1825 2429 jurisconsultis
1871 2341 2144 2411 ostendit
2188 2344 2320 2429 (3).

711 2458 937 2548 Neque
970 2479 1121 2523 vero
1149 2453 1352 2520 solum
1387 2480 1531 2520 rara
1563 2480 1833 2547 magnus
1861 2471 1956 2524 est
1980 2455 2343 2524 eruditione
2362 2509 2379 2539 ‚
2413 2454 2525 2523 sed
2560 2471 2628 2524 et
2658 2480 2730 2523 eo

617 2585 901 2640 summus
938 2582 1034 2636 est
1058 2568 1260 2636 factus
1280 2621 1296 2649 ,
1331 2583 1407 2636 ut
1436 2569 1751 2661 plurimos
1780 2572 1858 2640 de
1894 2574 2102 2665 patria
2144 2597 2255 2640 sua
2297 2585 2362 2640 et
2384 2572 2731 2666 disciplinis

699 2889 801 2969 (1)
844 2887 1070 2968 Hugo,
1112 2885 1155 2947 l.
1191 2908 1247 2948 c.
1295 2886 1328 2970 ξ
1372 2889 1489 2949 213
1531 2900 1593 2952 et
1651 2909 1780 2972 seq.
1836 2886 1919 2950 Hi
1951 2908 2166 2950 omnes
2222 2887 2603 2949 Bituricensi
2660 2886 2728 2946 in

615 2994 1044 3057 Universitate
1089 2993 1373 3056 docuere.

701 3133 797 3213 (2)
844 3133 1401 3196 Observationibus
1451 3143 1515 3195 et
1568 3133 2104 3221 emendationibus
2132 3135 2261 3197 suis
2305 3133 2726 3216 potissimum.

694 3264 805 3344 (3)
849 3264 1071 3324 Nostra
1116 3274 1290 3325 aetate
1349 3241 1598 3344 deinum
1644 3264 1829 3346 digne
1875 3263 2057 3346 hujus
2115 3262 2547 3344 jurisconsulti
2588 3263 2723 3324 vita

608 3373 841 3456 scripta
880 3381 972 3431 est
1016 3393 1052 3430 a
1100 3370 1297 3432 celeb.
1340 3372 1582 3432 Berriat
1625 3371 1877 3439 S.-Prix
1935 3371 1999 3431 in
2040 3370 2385 3452 appendice
2443 3368 2724 3431 historiae

606 3478 764 3559 juris
816 3478 1104 3553 romani,
1168 3500 1231 3560 p.
1298 3477 1626 3560 373-619,
1686 3478 2032 3558 germanice
2089 3475 2258 3541 edita
2323 3485 2582 3537 auctore
2638 3474 2725 3536 Ε.

608 3581 1053 3664 Spangenberg
1085 3629 1102 3657 ‚
1170 3582 1391 3664 Lipsiae
1455 3579 1627 3647 1822.
1688 3579 1848 3642 Vide
1893 3580 2320 3642 additamenta
2369 3562 2660 3662 quaedam
2691 3602 2729 3642 a

607 3693 722 3755 cel.
766 3678 1041 3778 Savigny
1063 3706 1126 3756 et
1165 3695 1244 3756 ab
1273 3706 1524 3756 auctore
1569 3697 1636 3755 in
1675 3694 1991 3771 Themide,
2039 3695 2113 3755 T.
2157 3694 2286 3771 lv,
2321 3715 2363 3776 p
2408 3694 2682 3778 ¹93-207
2697 3733 2727 3769 ,

604 3800 906 3883 385-394.
949 3804 1043 3862 De
1076 3801 1292 3863 eodem
1328 3800 1572 3864 diversa
1604 3803 1936 3884 scripserat
1964 3801 2145 3883 Hugo
2170 3802 2237 3863 in
2282 3801 2412 3863 Ciu.
2450 3799 2729 3880 Magaz.

601 3904 681 3964 T.
718 3906 837 3981 111,
871 3929 934 3989 p.
996 3905 1270 3989 190-256
1297 3953 1315 3983 ‚
1363 3904 1646 3984 433-462
1670 3954 1688 3981 ‚
1741 3917 1803 3969 et
1843 3906 1931 3967 ib.
1968 3906 2284 3986 Savignr,
2325 3927 2390 3987 p.
2418 3904 2723 3988 3¹7⁶320·

605 4011 793 4091 Hugo
823 4058 840 4088 ‚
888 4012 956 4073 in
1011 4035 1194 4099 opere
1245 4033 1435 4098 supra
1499 4011 1751 4077 laudato
1780 4058 1800 4095 ‚
1860 4011 1893 4098 ᾗ
1970 4012 2091 4094 242
2117 4008 2332 4092 -2443
2380 4010 2728 4092 Hauboldg

604 4131 702 4181 n0'.
744 4119 966 4185 LXVI.
