2893 4778
499 329 502 332 ¹
570 290 723 380 460
914 314 1424 366 conum-rann
1471 317 1673 368 smus
1722 315 2007 368 nomm
2053 316 2369 370 rmvsrr.

565 437 956 533 praediorum
983 438 1405 531 quarumdam
1434 444 1546 523 (ι),
1570 439 1801 506 deinde
1831 440 2008 533 quod
2037 440 2143 507 lex
2165 440 2506 509 Scribonia
2527 465 2695 508 usu-

568 556 904 645 capionem
925 576 1069 645 quae
1101 556 1472 622 servitutem
1490 558 1870 622 constituere
1905 569 2112 647 posset
2132 601 2162 635 ,
2202 555 2539 624 sustulerat
2565 561 2696 643 (2).

569 666 768 734 Nullo
808 679 1023 733 tamen
1060 666 1252 734 modo
1294 668 1615 734 servitutis
1652 666 1893 759 praedio
1932 666 2161 734 debitae
2200 670 2530 759 acquisitio
2563 670 2699 735 im-

566 780 981 873 pediebatur,
1031 805 1180 847 cum
1217 780 1532 871 praedium
1578 783 1784 872 ipsum
1828 793 2284 872 usucaperetur
2323 782 2461 867 (3).

658 896 881 962 Postea
927 920 1081 964 vero
1134 896 1271 961 haec
1333 897 1402 962 in
1454 894 1862 965 servitutibus
1910 895 2300 989 praediorum
2353 897 2691 965 innovatio

566 1008 732 1076 facta
765 1022 855 1076 est
882 1037 897 1074 ε
924 1024 996 1077 ut
1015 1011 1180 1077 actio
1199 1008 1372 1076 utilis
1395 1009 1849 1077 concederetur
1866 1012 1925 1076 ei
1954 1062 1972 1091 ,
1998 1012 2110 1102 qui
2133 1010 2491 1081 ostenderet
2514 1039 2533 1077 z
2553 1035 2693 1077 sese

567 1150 686 1218 per
743 1149 940 1192 annos
998 1123 1355 1217 complures
1407 1128 1708 1192 servitute
1763 1149 1948 1193 usum
2012 1149 2140 1191 esse
2162 1176 2178 1205 ‚
2234 1146 2355 1191 nec
2406 1126 2511 1207 vi,
2565 1150 2692 1194 nec

569 1238 736 1308 clam
770 1264 888 1305 nec
919 1243 1206 1331 precario
1233 1266 1251 1321 3
1304 1264 1444 1331 quae
1475 1243 1852 1308 servitutum
1881 1242 2248 1307 constitutio
2277 1239 2472 1333 longa
2503 1241 2691 1331 quasi

566 1356 952 1446 possessione
983 1378 1095 1419 seu
1132 1352 1436 1420 diuturno
1475 1378 1594 1421 usu
1616 1406 1633 1435 ,
1686 1378 1798 1420 seu
1833 1353 2018 1447 longi
2065 1337 2365 1447 temporis
2406 1378 2683 1421 consue-

541 1457 791 1536 studine
857 1467 997 1533 fieri
1048 1465 1378 1534 dicebatur
1435 1466 1550 1553 (4)
1589 1520 1607 1550 ,
1669 1493 1789 1536 nec
1858 1493 2146 1559 unquam
2210 1469 2283 1556 in
2343 1468 2685 1536 usufructu

570 1570 961 1668 acquirendo
1004 1578 1288 1644 obtinuit
1331 1578 1465 1665 (5).

659 1689 824 1779 Quae
880 1715 1027 1756 cum
1074 1694 1162 1757 ita
1215 1706 1416 1759 essent
1450 1693 1788 1761 constituta
1807 1745 1824 1775 ,
1869 1696 1908 1760 J
1910 1695 2259 1762 ustinianus
2290 1692 2470 1786 longi
2517 1707 2687 1762 tem-

449 1841 452 1842 ⁷
568 1807 744 1897 poris
780 1807 1325 1897 praescriptionem
1364 1806 1724 1874 introduxit
1764 1856 1784 1887 ‚
1852 1814 2030 1896 cujus
2078 1810 2222 1903 vim·
2270 1834 2345 1876 ac
2390 1821 2687 1900 potesta-

568 1931 701 1988 tem
757 1944 840 1986 an
901 1919 983 1989 ad
1044 1923 1371 1990 servitutes
1424 1924 1554 1991 sive
1611 1920 2006 2014 praediorum
2070 1925 2202 1993 sive
2264 1947 2687 2016 personarum

653 2238 761 2325 (1)
803 2241 854 2301 L
912 2262 993 2323 9,
1042 2263 1156 2317 10,
1205 2232 1235 2323 ζ
1285 2262 1306 2301 1
1338 2288 1356 2316 ,
1395 2242 1475 2301 D.
1524 2237 1597 2318 4ι
1633 2288 1651 2316 ,
1698 2242 1777 2319 3,
1819 2241 1938 2324 (de
1974 2261 2191 2322 usurp.
2238 2251 2300 2301 et
2333 2237 2684 2321 usucap.);

569 2348 640 2407 in
684 2344 803 2408 hoc
838 2344 974 2407 loco
1001 2344 1149 2408 olim
1179 2344 1498 2428 legebatur
1524 2347 1784 2429 usucapi
1803 2366 1824 2426 3
1846 2344 1893 2406 l.
1915 2344 1999 2424 44
2020 2393 2038 2424 ,
2071 2345 2101 2429 §
2126 2345 2196 2422 5,
2221 2347 2298 2406 D.
2329 2345 2518 2422 eod.>²;
2548 2364 2685 2426 quae

465 2492 470 2495 -
568 2454 1026 2514 usumfructum
1045 2457 1300 2536 usucapi
1322 2474 1446 2514 non
1476 2474 1654 2536 posse
1682 2455 2018 2534 expressim
2055 2453 2255 2514 sancit
2290 2472 2311 2532 3
2354 2451 2400 2510 l.
2438 2452 2509 2532 14
2533 2437 2631 2533 pr.
2658 2498 2682 2526 ‚

565 2536 645 2621 D.
701 2558 777 2637 8,
832 2582 902 2637 1,
966 2560 1078 2640 (de
1116 2560 1657 2642 servitut.);arg.
1722 2558 1767 2620 l.
1840 2559 1961 2638 43,
2025 2559 2055 2642 §
2117 2580 2190 2634 1,
2251 2560 2330 2619 D.
2390 2557 2513 2635 4ι,
2597 2580 2619 2616 ι
2658 2604 2676 2632 ,

569 2664 677 2744 (de
720 2667 955 2747 acquir.
1002 2686 1228 2725 rerum.
1272 2665 1488 2742 dom.)
1535 2689 1553 2743 3
1616 2687 1742 2727 non
1786 2666 1991 2726 obstat
2028 2663 2206 2725 Paul.
2251 2666 2301 2723 1.
2370 2685 2476 2747 17,
2536 2661 2565 2744 §
2615 2682 2680 2722 2.

652 2772 756 2853 (2)
801 2773 869 2831 L.
906 2770 947 2850 4
972 2820 988 2847 ,
1030 2771 1059 2854 §
1100 2793 1218 2855 29,
1271 2775 1351 2833 D.
1394 2771 1465 2852 41
1500 2820 1515 2849 ,
1559 2774 1595 2834 3
1621 2820 1639 2849 ,
1679 2775 1837 2857 (tit.
1866 2773 1972 2831 cit.
1998 2775 2071 2849 );
2110 2770 2208 2832 lex
2242 2771 2565 2857 Scribonia
2592 2790 2675 2827 an

566 2898 842 2960 unquam
897 2854 1169 2939 extiterit
1248 2878 1431 2939 multi
1488 2878 1780 2939 dubitant
1813 2926 1831 2954 ,
1880 2898 2021 2938 cum
2071 2899 2215 2938 non*
2267 2878 2390 2944 nisi
2440 2876 2561 2935 hoc
2614 2875 2682 2935 in

564 2983 707 3046 loco
756 2987 888 3066 ejus
931 2986 1166 3047 mentio
1209 2986 1317 3047 fiat
1364 3007 1387 3064 3
1448 3007 1582 3047 eam
1614 2986 1695 3047 ad
1741 2986 2068 3050 servitutes
2106 2984 2376 3045 urbanas
2431 2993 2679 3051 tantum

567 3092 938 3172 pertinuisse
976 3089 1315 3153 verisimile
1356 3101 1471 3152 est.

652 3176 759 3279 (3)
803 3197 871 3257 L.
929 3217 1038 3273 10,
1088 3196 1117 3279 ᾗ
1168 3219 1246 3273 1,
1290 3200 1367 3258 D.
1414 3196 1536 3276 41,
1581 3199 1657 3274 3,
1703 3199 1914 3259 citata.

650 3305 752 3386 (4)
795 3306 863 3365 L.
903 3326 969 3367 10
998 3327 1092 3388 pr.
1118 3353 1134 3381 ,
1165 3308 1243 3367 D.
1271 3303 1311 3367 8
1339 3345 1361 3382 ,
1408 3302 1480 3381 5,
1537 3308 1641 3384 (si
1669 3308 1882 3368 servit.
1913 3305 2232 3383 vindic.)3
2287 3301 2332 3363 l.
2367 3324 2389 3363 1
2420 3350 2438 3379 ,
2489 3301 2518 3384 §
2559 3300 2677 3363 ult.

565 3412 645 3473 1).
683 3414 763 3495 39
786 3459 803 3487 ‚
835 3412 872 3473 3
899 3459 915 3487 ‚
969 3412 1080 3493 (de
1104 3433 1264 3493 aqua
1298 3422 1362 3472 et
1387 3433 1548 3494 aqua
1572 3411 1881 3494 pluvia.);
1925 3410 1967 3473 l.
1999 3412 2036 3474 5
2066 3460 2083 3488 ‚
2115 3410 2209 3493 §3
2235 3458 2252 3487 ,
2294 3413 2375 3470 D.
2403 3408 2484 3487 43
2509 3457 2527 3484 ,
2567 3429 2689 3490 191

570 3518 678 3599 (de
724 3519 946 3579 itinere
990 3529 1255 3599 actuque
1303 3519 1590 3602 privato)
1635 3539 1656 3597 3
1705 3518 1748 3578 l.
1791 3517 1867 3599 25
1901 3565 1919 3595 ,
1964 3521 2045 3578 D.
2093 3516 2175 3595 8,
2212 3515 2253 3576 6
2283 3563 2302 3594 ,
2346 3502 2675 3599 (quemad.

566 3628 778 3690 servit.
836 3627 1316 3704 amittuntur)3
1364 3623 1411 3684 l.
1480 3646 1505 3686 1
1549 3670 1568 3701 ,
1622 3646 1658 3685 2
1675 3665 1703 3701 ,
1754 3625 1826 3686 C.
1861 3627 1896 3686 3
1928 3672 1946 3702 ,
2006 3622 2086 3702 34
2117 3673 2134 3701 ,
2195 3623 2318 3705 (de
2369 3621 2679 3702 servit.);

575 3718 933 3805 Unterlzolz.
970 3779 988 3808 ‚
1036 3731 1065 3814 §
1098 3730 1177 3810 42
1234 3747 1325 3792 11⁰.
1373 3751 1429 3792 α.
1485 3731 1641 3793 Ηοο”
1676 3735 1773 3812 jus
1825 3734 1893 3793 in
1945 3727 2291 3816 provinciis
2341 3740 2553 3790 ortum
2600 3725 2681 3787 ad

555 3840 773 3902 'italica
814 3839 1040 3922 praedia
1075 3860 1221 3901 vero
1260 3849 1577 3899 extensum
1612 3840 1884 3901 videtur.

648 3947 751 4030 (5)
796 3946 1023 4007 Nullus
1066 3948 1133 4006 in
1153 3944 1458 4006 xfontibus
1497 3948 1817 4007 invenitur
1862 3945 2077 4024 locus,
2125 3945 2238 4030 qui
2283 3943 2681 4006 ususfructus

566 4051 681 4115 tali
723 4054 909 4115 modo
946 4053 1308 4136 acquirendi
1341 4054 1723 4117 mentionem
1766 4053 1972 4116 faciat.
