2893 4778
544 308 640 382 56
863 326 1377 382 comunursnu
1426 329 1628 377 sums
1682 329 1964 378 nomm
2014 330 2332 380 rva‘rI.

1441 529 1469 613 ς
1545 526 1756 593 xlx

546 739 661 812 De
672 743 854 838 jurzs
878 738 1256 811 conddz'one
1275 790 1296 822 ,
1340 742 1526 806 inz’tzb
1544 738 1771 832 'regni
1803 739 2211 823 Iustiniani,
2248 757 2314 809 et
2349 741 2439 810 de
2470 741 2670 839 hujus

1259 853 1744 921 collectionibus
1792 859 1935 942 (1).

634 1070 794 1140 Ex
773 1072 850 1138 iis
869 1070 1101 1164 quaein
1119 1072 1469 1171 superiore
1482 1073 1688 1164 capite
1721 1070 2062 1139 retulimus
2093 1070 2308 1142 videre
2352 1085 2471 1156 est,
2512 1097 2662 1166 quae

544 1184 787 1255 suerat
770 1187 926 1274 juris
952 1198 1018 1253 et
1047 1170 1561 1278 jurisprudentiae
1587 1186 1872 1253 conditio
1900 1187 2127 1278 quinto
2152 1200 2293 1280 post
2322 1186 2662 1254 Christum

539 1298 787 1367 saeculo.
844 1299 1071 1389 Leges
1125 1296 1537 1392 edictumque
1601 1301 1889 1392 praetoris
1949 1313 2132 1366 erant
2188 1302 2343 1388 juris
2403 1299 2612 1367 fontes
2635 1352 2661 1382 ‚

536 1414 744 1505 iisque·
771 1410 987 1477 addita
1015 1412 1418 1503 imperalium
1459 1415 1984 1493 constitutionum
2026 1416 2333 1479 immensa
2370 1413 2656 1505 farrago.

537 1525 715 1592 Illius
750 1523 958 1591 saeculi
984 1526 1305 1592 barbaries
1345 1540 1408 1593 et
1436 1528 1684 1594 inscitia
1713 1540 1926 1592 autem
1953 1539 2130 1593 tanta
2155 1541 2443 1608 e1·at‚ut
2475 1542 2661 1598 vetus

534 1641 637 1725 ius
679 1639 865 1708 civile
915 1639 1157 1731 ipsum
1185 1642 1450 1706 minime
1510 1640 2026 1737 intelligeretur·
2009 1692 2027 1724 ‚
2094 1641 2266 1708 unde
2321 1643 2477 1736 legis
2518 1646 2659 1710 vim

540 1736 773 1842 adepta
816 1764 1011 1818 erant
1070 1754 1304 1844 scripta
1358 1752 1971 1840 jurisconsultorum
2036 1767 2219 1820 antea
2275 1752 2650 1836 clarorum,

544 1889 825 1956 quorum
864 1865 1204 1932 auctoritas
1241 1868 1693 1932 constitutione
1722 1865 2163 1934 Valentiniani
2209 1868 2304 1931 III
2353 1865 2652 1934 ordinata

541 1977 786 2060 fuerat,
840 1980 904 2066 (§
941 1980 1126 2068 XV).
1179 1981 1332 2046 Haec
1370 1983 1603 2072 scripta
1635 1983 1881 2067 injuris
1917 1980 2145 2047 scholis
2173 1980 2662 2073 explicabantur

543 2117 581 2159 a
619 2091 1073 2184 professoribus
1103 2142 1121 2172 ‚
1177 2094 1287 2183 qui
1327 2094 1641 2158 rarissime
1682 2106 1901 2159 exacta
1949 2118 2225 2185 veraque
2265 2096 2457 2187 ipsius
2500 2097 2660 2182 juris
2690 2085 2697 2091 ⁹

545 2208 799 2275 veterisf
821 2205 1184 2297 gaudebant
1220 2209 1450 2298 peritia
1500 2212 1630 2292 (2).
2087 2190 2090 2193 .

639 2318 1140 2414 Constitutiones
1188 2334 1369 2386 erant
1413 2320 1691 2387 collectae
1742 2322 1812 2387 in
1857 2318 2176 2387 codicibus
2218 2319 2617 2414 Gregoriano
2640 2376 2659 2403 ,

547 2434 1065 2525 Hermogeniano
1119 2447 1185 2500 et
1225 2435 1713 2521 Theodosian03
1769 2435 1959 2530 longa
2019 2435 2432 2504 Novellarum
2473 2440 2664 2505 series

545 2571 745 2638 usque
764 2547 846 2612 ad
874 2549 914 2612 J
917 2549 1301 2614 ustinianum
1336 2550 1620 2640 quotidie
1649 2551 2005 2642 augebatur
2036 2549 2146 2636 (3)
2178 2575 2196 2613 ε
2222 2550 2453 2615 harum
2480 2547 2664 2617 mul-

553 2658 801 2740 titudo,
836 2658 1180 2751 legumque
1223 2686 1702 2729 numerosarum
1743 2667 1912 2729 inter
1946 2688 2025 2731 se,
2051 2665 2479 2754 pugnantium
2514 2689 2660 2731 cor-

547 2767 964 2865 rigendarum
1002 2772 1289 2840 studium
1344 2777 1777 2843 Justinianum
1846 2779 2196 2844 commovit
2261 2767 2344 2842 ad
2403 2803 2653 2845 novum

547 2883 857 2954 Codicem
882 2885 1246 2955 faciendum
1271 2939 1288 2971 ,
1333 2890 1402 2955 in
1439 2916 1569 2982 quo
1594 2916 1809 2959 omnes
1847 2906 1912 2959 et
1950 2891 2268 2983 prioribus
2312 2890 2662 2961 Codicibuo

564 3261 570 3274 ,
624 3202 738 3288 (¹)
781 3201 900 3264 Hic
922 3202 1233 3288 laudanda
1265 3203 1342 3265 Ε.
1386 3205 1815 3267 Senot-:unere
1837 3248 1860 3280 ,
1894 3204 2275 3267 introductio
2315 3202 2395 3265 ad
2429 3226 2660 3289 corpus

539 3311 697 3393 juris
722 3309 927 3372 civilis
952 3313 1227 3388 romani,
1253 3312 1638 3373 Hannoverae
1665 3361 1682 3388 ,
1714 3311 1862 3395 1817
1886 3356 1905 3388 ‚
1929 3312 2042 3374 IV.
2060 3309 2151 3372 80.
2174 3333 2239 3393 p.
2272 3311 2461 3394 1-960
2480 3356 2498 3385 ,
2534 3313 2656 3372 sub

542 3417 735 3478 titulo
778 3437 796 3476 ε
845 3417 1215 3498 Einleitung
1252 3440 1321 3477 ιη
1350 3419 1465 3480 das
1490 3422 1822 3480 Roemisch
1848 3418 2367 3481 Iustinianeische
2405 3422 2661 3480 Rechts-

545 3522 722 3585 buch.
782 3524 1039 3584 Berriat
1068 3524 1159 3584 St.
1166 3525 1407 3601 —Prz‘x,
1456 3527 1738 3587 Histoire
1778 3525 1862 3585 du
1901 3526 2067 3586 droit
2108 3527 2392 3602 romain,
2435 3547 2500 3607 p.
2544 3529 2662 3594 130

545 3639 609 3692 et
643 3631 802 3693 suiv.
847 3630 1307 3707 Macieiowski‚
1348 3630 1393 3692 l.
1443 3654 1499 3693 c.
1551 3656 1617 3715 p.
1676 3632 1970 3717 176—196.

627 3733 736 3816 (2)
783 3736 1176 3797 sastinianus
1210 3735 1383 3798 hoc
1364 3759 1498 3820 lpse
1537 3735 1725 3800 refert
1775 3741 1839 3799 in
1877 3739 2053 3822 praef.
2102 3712 2342 3823 Digest.
2397 3739 2477 3802 ad
2530 3761 2659 3804 an—

552 3848 748 3900 tecess
767 3862 925 3903 ores.

627 3947 733 4025 (3)
790 3949 1277 4030 Spangenberg,
1333 3946 1378 4011 l.
1439 3969 1494 4014 c.
1525 3996 1544 4028 ,
1601 3970 1668 4034 p.
1730 3971 1825 4036 17.
1878 3953 2199 4034 Savignr,
2264 3955 2657 4017 Geschischte

543 4051 649 4118 des
694 4053 900 4124 Roem.
945 4057 1162 4134 Rechts
1203 4061 1292 4119 im
1333 4059 1504 4120 Mitt.
1518 4097 1545 4134 ,
1580 4058 1658 4121 T.
1693 4076 1717 4120 ι
1745 4104 1765 4138 ,
1809 4059 1989 4144 chap.
2041 4083 2094 4123 1.
