2893 4778
998 341 1521 391 nvrnonucno.
2219 326 2309 428 57

217 480 510 535 contentae
555 479 624 533 et
653 466 718 531 N
719 464 941 532 ovellae
966 467 1448 532 constitutiones
1478 517 1497 545 ‚
1549 468 1725 532 omni
1754 471 2104 538 antinomia
2142 477 2313 541 inter

218 581 330 649 illas
356 580 640 662 sublata,
677 579 1180 670 colligerentur(
1206 588 1297 663 1).
1333 581 1476 645 Hoc
1503 579 1835 649 consilium
1864 588 2121 676 exsequi
2137 591 2314 672 jussit

214 697 416 763 decem
456 693 936 783 jurisconsultos
956 734 979 772 t,
1022 717 1218 761 novos
1248 692 1638 762 decemviros
1658 746 1674 775 ,
1703 697 1818 787 qui
1853 698 1924 763 in
1950 700 2079 765 XII
2103 700 2309 786 libris,

210 811 277 878 ad
295 836 639 878 numerum
666 810 797 876 XII
813 809 874 877 T
874 806 1243 886 abularum.
1271 833 1490 875 omnes
1514 812 1987 885 constitutiones
2005 866 2021 893 ,
2041 829 2312 886 mutatas

211 939 637 1018 correctasque
652 976 670 1006 ‚
689 924 1071 1014 illorumque
1090 936 1455 1015 temporum
1475 926 1942 994 necessitatibus
1957 926 2306 1022 adaptatam,

211 1041 543 1108 conderent
573 1093 589 1122 ,
628 1041 748 1106 sub
786 1039 1285 1133 congruentibus
1327 1038 1526 1104 titulis
1571 1039 1650 1106 ad
1692 1038 1986 1108 ordinem
2017 1046 2308 1135 priorum

213 1152 536 1221 Codicum.
598 1153 724 1217 Hic
780 1149 1006 1217 Codex
1040 1151 1453 1236 justinianeus
1498 1150 1847 1242 appellatus
1878 1206 1895 1233 ‚
1963 1157 2090 1223 VH
2151 1157 2305 1225 idib.

207 1266 432 1358 Aprilis
476 1265 810 1346 DXXIX,
881 1276 1189 1354 tanquam
1222 1263 1389 1330 solus
1432 1263 1656 1330 Codex
1677 1317 1693 1344 ‚
1748 1268 2102 1358 publicatus
2138 1284 2203 1339 et
2239 1277 2306 1341 vi

204 1378 344 1473 legis
368 1381 661 1447 munitus
695 1391 786 1445 est
808 1430 828 1461 ,
871 1378 1189 1471 prioribus
1218 1378 1374 1472 legis
1412 1383 1783 1447 auctoritate
1828 1381 2120 1476 adempta
2163 1391 2301 1472 (2).

280 1495 497 1586 Quem
568 1494 876 1562 Codicem
927 1519 1074 1561 cum
1126 1493 1428 1563 conderet
1473 1496 1511 1560 J
1515 1497 1867 1565 ustinianus
1892 1548 1908 1577 ,
1951 1499 2296 1584 intellexit,

205 1633 396 1702 neque
462 1612 625 1698 juris
678 1611 748 1675 in
803 1611 1074 1701 imperio
1128 1634 1308 1700 posse
1358 1608 1809 1681 certitudinem
1865 1636 1991 1678 esse
2017 1664 2033 1691 ‚
2093 1632 2303 1707 neque

205 1721 353 1788 tradi
403 1721 977 1817 jurisprudentiam
1008 1774 1026 1803 ‚
1063 1724 1184 1787 nisi
1222 1745 1412 1814 opere
1462 1736 1719 1789 extenso
1760 1725 2083 1808 consecto,
2124 1730 2301 1821 quod

202 1860 271 1901 ex
314 1834 444 1902 illis
493 1836 1089 1922 jurisconsultorum
1138 1838 1387 1928 scriptis
1436 1840 1795 1905 contineret
1840 1843 2074 1907 veteris
2105 1847 2299 1930 juris-

197 1949 549 2041 prudentiae
574 1952 899 2017 thesauros
916 2003 932 2030 ‚
968 1952 1100 2019 sine
1120 1976 1398 2042 quorum
1419 1951 1628 2021 studio
1649 1976 1857 2044 neque
1876 1954 2301 2044 imperialium

196 2066 723 2133 constitutionum
752 2066 1008 2131 scientia
1054 2089 1260 2157 neque
1299 2089 1446 2131 usus
1487 2089 1614 2130 esse
1659 2077 1925 2157 possent.
1979 2067 2301 2159 Utigitur

196 2182 354 2269 juris
367 2178 605 2247 scholis
644 2178 832 2246 simul
866 2203 939 2244 ac
973 2176 1353 2265 judiciorum
1390 2180 1859 2247 necessitatibus
1888 2179 2245 2250 consuleret
2272 2228 2291 2265 ,

198 2292 605 2386 Digestorum
641 2317 754 2359 seu
789 2291 1254 2363 Pandectarum
1286 2295 1440 2379 juris
1459 2302 1462 2303 ⁷
1481 2276 1790 2361 enucleati
1830 2294 2121 2374 nomine,
2153 2295 2296 2362 col-.-

196 2406 532 2475 lectionem
561 2406 1011 2500 amplissimam
1050 2412 1473 2500 epitomarum
1508 2433 1588 2479 ex
1626 2410 1921 2476 omnibus
1959 2400 2298 2477 celeberri-

195 2524 979 2613 morum-jurisperitorum
1008 2522 1184 2590 libris
1203 2575 1219 2606 ,
1245 2548 1401 2614 quos
1418 2524 1652 2591 habere
1671 2523 2063 2615 potuit,fieri
2084 2529 2292 2612 jussit,

193 2636 437 2730 hocque
495 2640 825 2728 negotium
857 2637 1262 2706 demandavit
1289 2639 1685 2734 Triboniano
1720 2663 1869 2706 cum
1904 2637 2177 2710 sedecim
2198 2644 2298 2710 sui
2325 2671 2328 2674 ¹

191 2754 496 2845 temporis
523 2751 874 2820 clarissimis
911 2752 1388 2839 jurisconsultis·
1419 2754 1713 2845 Spatium
1731 2751 1950 2821 decem
1979 2779 2297 2827 annorum

193 2865 267 2933 nd
288 2868 417 2934 hoc
443 2889 607 2959 opus
624 2866 1083 2962 perficiendum
1108 2869 1186 2934 ,iis
1204 2881 1338 2934 erat
1360 2891 1721 2934 concessum
1743 2895 1761 2951 ;
1787 2881 1852 2936 at
1867 2873 1998 2956 jam
2017 2861 2295 2939 triennio

194 2997 448 3071 peracto
491 2979 654 3046 illud
708 2979 1143 3050 absolvebatur
1163 3007 1182 3064 3
1206 3049 1209 3056 „
1240 2994 1314 3051 ut
1358 2980 1814 3052 confirmatum
1861 2995 1926 3049 et
1966 2983 2132 3052 XVI
2169 2983 2294 3051 de·-

189 3095 463 3160 cembris
511 3092 867 3163 DXXXIII
919 3093 1314 3193 publicatum
1341 3145 1358 3174 ,
1405 3119 1488 3163 ex
1533 3094 1635 3208 die
1684 3095 1908 3163 XXX¹
1948 3094 2298 3167 decembris

191 3206 353 3275 illius
389 3209 548 3274 anni
577 3213 710 3275 vim
742 3207 901 3299 legis
933 3208 1163 3278 habere
1196 3210 1524 3306 inciperet.
1543 3209 1843 3276 Genuina
1876 3211 2293 3297 jurisconsul-
2410 3261 2414 3265 -

190 3335 400 3393 torum
432 3336 726 3394 veterum
758 3325 986 3418 scripta
1033 3323 1209 3394 omni
1250 3326 1621 3394 auctoritate
1659 3325 2101 3416 privabantur.
2139 3396 2152 3400 ,

266 3574 378 3653 (1)
422 3573 498 3635 Id
546 3572 700 3633 dicit
744 3574 811 3632 in
863 3582 1059 3633 const.
1106 3571 1184 3632 de
1222 3593 1385 3634 novo
1432 3572 1660 3633 Codice
1709 3572 2038 3634 formando
2101 3584 2166 3632 et
2213 3572 2294 3633 de

185 3678 557 3758 justinianeo
587 3679 756 3762 βοά.
800 3679 1251 3741 confirmando·

267 3790 374 3872 (α)
420 3790 633 3855 Const.
672 3789 752 3850 de
783 3788 935 3856 Cod.
988 3792 1132 3871 just.
1176 3788 1620 3851 confirmando,
1676 3790 1794 3851 Hic
1842 3773 2034 3851 codex
2072 3798 2286 3872 postea

186 3916 300 3979 per
350 3898 498 3961 Cod.
528 3899 804 3982 mpetitae
846 3897 1252 3978 praelectionis
1293 3898 1659 3979 abrogatuS,
1694 3897 1774 3958 ad
1827 3909 2102 3959 nostram
2151 3915 2290 3962 nou·

184 4009 463 4083 pervenit
496 4018 770 4070 aetatem.
815 4003 976 4064 Vide
1020 4006 1503 4090 Spangenberg,
1543 4005 1588 4067 l.
1634 4029 1689 4067 c.
1718 4053 1737 4086 ‚
1789 4027 1855 4090 p.
1905 4004 2000 4071 ¹8.
2046 4008 2318 4089 Bago,-

187 4112 738 4197 Rechts-geschichte
766 4157 787 4190 ,
829 4109 857 4196 ξ
898 4112 1036 4196 390.
