2893 4778
515 250 660 327 536
696 263 709 316 ’.
835 237 1353 327 comm-Anti
1395 273 1599 325 mus
1647 275 1930 325 noum
1979 275 2295 328 rama-1.

992 474 1027 559 f
1071 471 1150 540 Π.
1205 469 1323 539 De
1365 471 1757 564 eonfiisione
1790 473 2117 564 pignons.

605 678 766 771 396.
813 678 1252 749 Confnnditur
1275 683 1508 775 pignus
1520 679 1622 751 vel
1634 681 1996 774 hypotheca
2016 732 2034 762 ,
2059 705 2209 748 cum
2224 680 2441 748 eadem
2464 701 2616 773 per-

514 816 672 866 unna
690 795 786 861 rei
804 795 1100 887 obligatae
1118 796 1411 864 dominus
1428 795 1617 864 simul
1639 808 1705 863 et
1729 796 2005 864 creditor
2030 798 2469 888 pigneratitius
2486 821 2615 861 csse
2663 785 2678 800 ⁴

517 909 714 1002 ooepit
747 935 767 994 3
818 909 1015 979 veluti
1051 935 1201 978 cum
1236 910 1514 977 creditor
1546 911 1646 977 rei
1685 908 2048 976 dominium
2084 910 2450 1002 acquisivit,
2506 921 2626 975 aut:
2665 987 2670 996 ι

519 1027 616 1090 rei
654 1022 952 1091 dominus
994 1024 1296 1091 creditori
1340 1038 1648 1118 tanquam
1687 1026 1870 1091 heres
1907 1025 2246 1102 successit,
2294 1024 2395 1090 vel
2440 1024 2618 1091 obli-

522 1137 700 1226 gatio
764 1138 827 1202 ei
893 1160 1060 1203 cessa
1117 1136 1245 1204 suit
1301 1141 1440 1223 (ι).
1517 1138 1796 1204 Rescissa
1843 1137 2233 1205 confusionis
2284 1161 2466 1205 causa
2524 1140 2626 1221 jus

524 1251 817 1340 pignoris
870 1253 1216 1320 reviviscit.
1276 1251 1490 1317 Certis
1547 1262 1763 1318 tamen
1825 1254 1897 1317 in
1954 1252 2200 1319 casibus
2267 1245 2623 1348 confusioni

527 1363 706 1432 locus
745 1391 881 1434 non
937 1381 1030 1435 est
1065 1417 1083 1450 ,
1136 1366 1291 1435 licet
1339 1367 1619 1434 creditor
1666 1393 1883 1435 rerum
1939 1368 2368 1462 obligatarum
2401 1366 2627 1433 domi-
2667 1364 2676 1369 ’

531 1503 654 1547 nus
677 1480 801 1566 sit3
833 1481 1263 1574 hypothecam
1301 1494 1442 1548 tum
1467 1484 1540 1548 in
1579 1485 1854 1575 propriis
1893 1483 2079 1549 rebus
2112 1483 2306 1549 habet
2334 1507 2352 1547 ε
2390 1474 2627 1573 quippe

532 1617 663 1686 qua
716 1595 777 1661 ei
853 1618 1015 1688 opus
1073 1609 1166 1664 est
1205 1645 1225 1677 ,
1295 1608 1372 1663 ut
1428 1619 1558 1663 sese
1625 1594 1927 1665 defendat
1960 1632 1970 1646 τ
2003 1611 2226 1668 eontra
2303 1595 2632 1670 inferiores
2655 1575 2680 1594 Α

531 1707 895 1777 creditores.

617 1844 684 1885 a.
727 1820 1083 1888 Extraneus
1126 1814 1337 1914 itaque
1383 1821 1481 1888 rei
1523 1819 1820 1914 obligatae
1860 1846 2168 1916 possessor
2202 1822 2632 1915 hypothecam
2667 1819 2670 1822 “

540 1937 614 2000 in
648 1958 762 2000 sua
795 1959 866 2000 re
903 1934 1129 2014 habet,
1166 1959 1317 2001 cum
1361 1938 1422 2001 ei
1470 1935 1758 2003 debitum
1784 1937 2052 2006 solventi
2095 1936 2373 2005 creditor
2415 1937 2634 2033 hypo-
2749 1963 2754 1968 ·

540 2048 797 2114 thecam
834 2050 1082 2116 cesserit
1124 2052 1244 2134 (2)
1296 2053 1443 2131 (ηο.
1493 2048 1689 2139 394).

632 2161 696 2229 b.
741 2160 879 2253 Qui
928 2187 1068 2228 rem
1128 2188 1167 2229 a
1233 2160 1518 2230 debitore
1575 2164 1733 2229 emit
1771 2213 1793 2244 ‚
1861 2176 1937 2229 ut
1997 2187 2080 2229 ex
2140 2164 2348 2255 pretio
2427 2161 2638 2228 soluto

540 2276 953 2367 pigneratitio
979 2272 1277 2343 creditori
1300 2276 1570 2342 ‘satisfiat
1609 2275 1748 2360 (3).
2234 2351 2238 2357 ¹
2369 2272 2379 2280 ⁴

632 2414 689 2456 c.
757 2389 827 2458 Si
894 2396 1027 2484 ipse
1090 2389 1369 2461 creditor
1429 2389 1531 2461 vel
1597 2389 1927 2480 fidejussor
1988 2392 2221 2484 pignus
2289 2416 2648 2486 compara--¹

544 2507 756 2574 verint
791 2505 887 2589 14
907 2510 963 2590 ).

638 2618 715 2683 d.
777 2616 993 2685 Simili
1054 2616 1251 2685 modo
1298 2616 1676 2710 hypothecis
1735 2642 1860 2710 pro
1918 2615 2066 2685 dote
2126 2617 2230 2687 vel
2287 2617 2505 2684 liberis
2567 2620 2640 2683 in

556 2744 897 2825 parentum
941 2726 1125 2799 honis
1165 2731 1521 2798 constitutis
1569 2756 1667 2796 res
1709 2732 1994 2823 proprias
2033 2731 2421 2798 creditorum
2463 2756 2643 2797 com-

546 2844 900 2937 prehendi,
953 2849 1085 2932 jam
1129 2869 1319 2937 supra
1356 2846 1718 2912 monuimus
1757 2849 1916 2929 (n⁰⁸.
1960 2845 2128 2926 368,
2187 2844 2356 2934 369)
2409 2845 2546 2931 (5).

638 3157 747 3239 (ι)
791 3158 863 3218 L.
894 3177 975 3240 29
1011 3157 1092 3217 D.
1120 3157 1224 3230 13,
1253 3179 1288 3239 7
1316 3203 1333 3233 ‚
1363 3156 1490 3235 (de
1508 3158 1681 3238 pign.
1713 3156 2036 3234 actione)3
2077 3155 2292 3238 l.9pr.
2318 3158 2439 3232 ,-D.
2465 3155 2533 3218 h.
2555 3168 2642 3236 t.;

552 3263 600 3327 l.
649 3266 768 3341 30,
813 3266 881 3324 in
933 3263 979 3324 f.
1010 3310 1028 3341 ,
1067 3265 1147 3323 D.
1200 3260 1321 3340 44,
1373 3283 1409 3322 2
1440 3309 1455 3338 ,
1502 3261 1633 3338 (de
1674 3274 1906 3344 except.
1946 3262 2035 3321 rei
2079 3263 2269 3342 judice
2295 3267 2351 3334 ).

639 3369 760 3452 (2)
800 3369 872 3430 L.
925 3390 998 3452 19
1033 3370 1110 3429 D.
1161 3389 1276 3441 20,
1318 3366 1357 3445 4
1401 3366 1564 3450 (qui
1611 3370 1877 3449 potiores
1921 3370 1988 3428 in
2035 3368 2285 3450 pign.).

634 3476 865 3559 (3)L.
929 3496 997 3558 17
1061 3476 1142 3536 D.
1189 3466 1389 3561 eod..
1458 3473 1502 3535 l.
1564 3474 1600 3536 3
1659 3493 1810 3559 pr.3
1875 3475 1956 3534 D.
2008 3493 2136 3551 20,
2211 3476 2249 3534 3
2300 3473 2497 3558 (quae
2549 3496 2646 3536 res

551 3584 800 3668 pignori
829 3582 883 3660 ).
2081 3654 2088 3661 Δ

638 3689 763 3772 (4)
804 3690 872 3749 L.
921 3690 998 3750 3ο
1027 3734 1044 3764 ,
1096 3686 1125 3770 §
1181 3709 1204 3749 1
1241 3736 1259 3767 ,
1306 3689 1382 3749 D.
1417 3686 1499 3767 44
1529 3737 1546 3763 ,
1598 3710 1633 3748 2
1686 3691 1821 3768 (de
1863 3704 2095 3774 except.
2139 3693 2228 3752 rei
2263 3691 2456 3772 judic.
2492 3695 2547 3770 ).

635 3797 758 3877 (5)
799 3793 1086 3877 Singulos
1136 3815 1312 3856 casus
1359 3797 1426 3855 in
1469 3797 1692 3877 quibus
1730 3795 1957 3878 aliquis
2006 3803 2229 3879 pignus
2269 3798 2336 3857 in
2381 3818 2447 3856 re
2489 3817 2649 3878 pro-

553 3897 694 3986 pria
730 3902 918 3962 habet
951 3946 969 3975 ‚
1010 3900 1214 3961 lucide
1259 3904 1511 3983 exponit
1546 3922 1669 3962 von
1725 3903 2006 3982 Wening
2035 3939 2072 3950 -
2101 3905 2468 3982 Ingenheim
2497 3951 2518 3981 ,
2564 3906 2652 3964 im

554 4008 798 4072 Archiv.
818 4009 970 4088 fiir.
1003 4007 1163 4068 civil.
1207 4009 1452 4070 Pru-xis
1481 4056 1499 4088 ‚
1546 4008 1624 4072 T.
1671 4008 1799 4088 VI,
1841 4031 1906 4092 p.
1965 4008 2250 4088 134-150.
2349 4066 2352 4071 .
