2893 4778
857 355 862 358 ’
925 317 1451 401 nvraonoc‘rxo.
1562 367 1569 372 ·
2109 326 2245 401 115

178 489 303 537 cum
349 471 551 542 acrius
603 468 1026 564 philosophiae
1074 471 1359 540 studium
1402 472 1804 539 revivisceret
1829 521 1846 553 ‚
1889 474 2259 542 vernaculas

179 583 343 651 literae
371 599 435 652 et
467 598 628 652 artes
661 587 902 654 mirum
931 589 1003 653 in
1033 586 1298 655 modum
1324 587 1791 653 efflorescerent
1808 639 1826 667 ,
1861 587 2253 681 politiorque

183 700 423 767 eruditio
477 712 676 767 totam
735 699 1148 769 Germaniam
1202 711 1511 780 ornaret,
1571 700 1652 767 ad
1709 699 1933 768 altiora
1997 719 2254 796 quoque

181 829 438 905 provecta
482 827 577 882 est
625 799 1125 908 jurisprudentia
1160 844 1179 882 ε
1225 815 1647 908 philosophiae
1690 827 1756 882 et
1795 816 2077 884 historiar„¹
2111 815 2253 884 luce

184 956 365 998 omnes
404 936 535 1019 ejus
577 945 788 1023 partes
841 927 1325 1000 illustrabantur
1368 959 1389 1015 ς
1452 934 1916 1000 accuratissima
1962 939 2254 1002 omnium

186 1045 511 1113 distributio
554 1059 649 1112 est
695 1045 860 1112 facta
894 1097 912 1127 ,
972 1059 1040 1114 et
1079 1045 1419 1116 methodus
1461 1046 1746 1139 quotidie
1795 1040 2138 1139 perfectior
2185 1051 2256 1116 i'n

189 1161 513 1228 ordinandis
548 1147 979 1255 singularibus
1025 1164 1179 1247 juris
1217 1161 1566 1254 disciplinis
1609 1163 1916 1231 adhibita.

257 1278 562 1372 Praecipua
592 1303 748 1345 cura
765 1280 923 1368 juris
948 1281 1198 1366 romani
1230 1281 1509 1346 scientiae
1538 1278 1685 1347 data
1710 1292 1826 1348 est.
1869 1278 2104 1346 Fontes
2121 1283 2261 1366 ejus

195 1391 366 1461 denuo
411 1389 757 1463 examinati
798 1438 826 1474 ,
885 1392 972 1460 ad
1015 1391 1383 1485 exemplum
1428 1417 1812 1486 magnorum
1851 1393 2061 1462 saeculi
2097 1389 2262 1464 XVI

197 1510 770 1593 jurisconsultorum,
801 1532 1019 1577 veram
1038 1520 1104 1576 et
1129 1509 1477 1600 genuinam
1504 1510 1731 1576 veteris
1767 1511 1922 1595 juris
1949 1507 2264 1576 rationem

204 1646 558 1713 cognoscere·
582 1627 722 1702 eius
765 1621 1034 1690 cultores
1067 1621 1367 1703 student,
1410 1623 1668 1689 remotis
1705 1634 1804 1689 tot
1838 1625 2267 1690 recentiorum

206 1740 436 1805 erroneis
485 1737 919 1830 opinionibus,
964 1734 1117 1825 Quo
1177 1748 1436 1802 strenuo
1483 1748 1547 1802 et
1606 1736 1891 1827 quotidie
1950 1751 2267 1805 crescente

207 1850 370 1919 studio
422 1854 721 1920 effectum
772 1862 865 1916 est
894 1900 912 1929 ,
966 1863 1040 1917 ut
1092 1874 1229 1916 non
1286 1849 1494 1916 solum
1540 1849 1840 1941 permulti
1900 1850 2068 1917 illius
2113 1855 2270 1940 juris

210 1965 451 2045 articuli,
487 1964 799 2032 hactenus
827 1963 1011 2034 dubii
1046 1976 1112 2031 et
1142 1966 1353 2030 minus
1397 1962 1742 2045 intellecti,
1783 1967 2022 2056 optime
2059 1990 2268 2057 expo·

213 2092 462 2144 nei-entur
485 2130 502 2159 ,
547 2092 624 2144 ut
662 2080 879 2144 critica
923 2077 1240 2166 librorum
1282 2080 1437 2165 juris
1478 2080 1725 2144 romani
1778 2102 1929 2158 cura
1982 2076 2267 2169 diligen-

212 2192 399 2257 tissima
440 2192 891 2270 adhiberetur,
936 2191 1043 2258 sed
1078 2194 1271 2257 etiam
1307 2205 1384 2258 ut
1416 2193 1611 2272 novi,
1661 2205 1803 2283 post
1845 2193 1969 2258 tria
2006 2185 2267 2259 demum

215 2307 388 2373 saecula
410 2360 425 2386 ,
467 2309 706 2373 iterum
752 2308 1149 2398 aperirentur
1182 2309 1336 2394 juris
1374 2306 1623 2372 romani
1670 2305 1875 2372 fontes
1911 2305 2262 2389 uberrimi,

216 2441 241 2481 e
275 2423 473 2511 quibus
518 2423 662 2488 haee
699 2422 850 2507 juris
893 2423 1167 2487 scientiae
1208 2446 1353 2515 pars
1406 2418 1760 2513 plurimum
1795 2418 2038 2487 lucrata
2070 2432 2163 2488 est
2204 2434 2271 2488 et
2348 2484 2359 2495 ,

217 2534 559 2604 infuturum
599 2535 960 2602 lucrabitur
1005 2539 1134 2621 (1).
1445 2512 1455 2519 ο

282 2648 426 2717 Cum
461 2652 892 2746 plurimorum
930 2654 1283 2718 recentium
1325 2662 1662 2719 auctorum
1706 2649 1854 2716 libri
1901 2654 2271 2744 germanico

219 2783 451 2832 sermone
486 2779 618 2833 sint
653 2768 870 2858 scripti
889 2818 907 2847 ,
950 2766 1123 2858 apud
1158 2779 1402 2832 exteras
1438 2777 1657 2858 gentes
1691 2767 1802 2834 vix
1836 2766 2275 2834 innotuerunt.

220 2869 623 2962 Quorumdam
682 2881 946 2946 nomina
996 2879 1340 2948 referemus
1375 2932 1396 2962 ‚
1469 2879 1703 2945 relictis
1768 2876 1892 2945 illis
1926 2931 1945 2961 ‚
2020 2882 2136 2971 qui
2196 2883 2269 2947 in

222 2985 324 3056 aliis
362 2997 504 3081 juris
541 2995 836 3088 partibus
875 2994 1184 3062 claruere.
2255 3066 2269 3091 l

286 3105 507 3174 Docent
552 3106 750 3175 hodie
803 3108 1197 3175 celeberrimi
1242 3109 1398 3197 juris
1446 3108 1698 3175 romani
1745 3107 2124 3199 professores
2172 3132 2277 3173 se-

228 3221 517 3304 quentibus
545 3226 618 3289 in
646 3223 1182 3291 Universitatibus
1228 3249 1248 3290 ε
2150 3298 2151 3301 ¹

293 3332 358 3397 In
383 3336 781 3445 Gottmgemi
804 3339 1024 3422 (instit.
1057 3335 1262 3427 1734)
1292 3360 1309 3398 τ
1339 3336 1656 3404 Gustavus
1688 3334 1997 3428 Hugo(n.
2044 3332 2275 3424 1764).

234 3441 260 3504 J
266 3494 276 3505 .
303 3444 367 3512 L.
395 3450 754 3532 Goeschen‚
783 3451 932 3539 Gaji
961 3451 1169 3518 editor
1181 3451 1647 3533 meritissimus,
1666 3463 1732 3516 et
1761 3473 1968 3541 nuper
1998 3448 2273 3515 docuere

298 3790 314 3868 (
338 3794 400 3876 1)
429 3797 520 3858 De
536 3798 839 3860 hodierna
854 3798 1306 3860 Germanorum
1322 3794 1807 3878 jurisprudentia
1831 3790 1976 3855 vide
2003 3790 2249 3889 ΊἹιεῖζιίρ·
2266 3841 2284 3869 ,

240 3891 334 3955 vol.
372 3901 442 3976 1,
489 3925 551 3985 p.
596 3903 803 3984 8-243
836 3915 898 3965 et
944 3901 1228 3964 Annales
1259 3901 1338 3961 de
1368 3899 1754 3980 Ιέςίείαιὶοη,
1801 3898 2053 3985 (ἓνοεηέᾰγεῑν
2094 3895 2246 3959 1820
2260 3938 2291 3974 ,

241 3992 302 4057 T·
352 4005 424 4081 1,
475 4031 536 4091 p.
602 4031 710 4096 ¹·7
763 4022 827 4072 et
897 4007 1197 4093 357—428.
1268 4007 1364 4068 lbi
1423 4016 1488 4067 et
1542 4004 1824 4075 omnium
1876 4004 2292 4087 professorum

248 4112 452 4175 nomina
489 4116 678 4180 relata
718 4127 885 4181 sunt.
928 4115 1187 4177 Themis
1223 4114 1303 4174 T.
1350 4112 1493 4176 3-6.
2116 4132 2128 4143 ·

1910 4214 1960 4287 8
