2893 4778
1020 369 1548 421 mmoouc‘no.
1717 380 1718 383 ¹
1781 352 1783 354 ’
2246 344 2331 432 15

202 506 484 572 Baebius
523 515 591 569 et
623 498 1009 567 Hauboldus
1039 505 1058 584 (
1084 507 1172 585 1).
1200 476 1335 566 Sub
1361 501 1819 590 posterioribus
1853 503 2337 596 imperatoribus

118 670 125 676 .
195 644 279 684 ex
317 644 443 684 usu
473 627 903 683 recesserunt.
948 613 1202 680 Nomen
1245 637 1282 678 a
1322 628 1723 704 proponente
1767 617 2021 684 consule
2056 614 2158 688 vel
2203 622 2336 687 im·-

199 744 498 824 peratore
557 728 979 821 accipiebant.

1042 850 1047 857 “
1176 845 1206 929 §
1281 834 1366 912 X.

630 1035 750 1100 De
795 1022 1360 1101 constitutionibus
1396 1039 1768 1128 principum
1815 1040 1950 1123 (2).

292 1247 669 1315 Novissima
728 1247 886 1334 juris
942 1246 1161 1338 scripti
1225 1241 1400 1338 apud
1476 1246 1796 1314 Romanos
1857 1250 2092 1342 species
2159 1256 2343 1323 erant

211 1364 594 1454 'principum
632 1362 764 1428 sive
800 1361 1264 1451 imperatorum
1311 1362 1826 1428 constitutioneS.
1890 1363 2033 1431 Hoc
2079 1369 2341 1435 nomine

217 1477 573 1545 vocabatur
616 1475 1045 1566 quodcunque
1086 1476 1368 1567 principi
1407 1476 1823 1544 statuendum
1859 1476 2166 1570 placebat.
2199 1482 2344 1550 Oba

218 1593 411 1659 tinuit
461 1605 621 1656 mox
646 1641 664 1670 ‚
696 1601 771 1656 ut
810 1589 913 1655 hae
954 1591 1437 1656 constitutiones
1475 1588 1632 1682 legis
1662 1590 1975 1659 haberent
2008 1582 2339 1687 vigorem3

216 1705 391 1795 quod
437 1724 525 1771 an
570 1717 744 1772 certa
792 1702 944 1795 lege
988 1708 1220 1795 regia,
1268 1729 1395 1795 qua
1435 1703 1711 1796 populus
1748 1725 1942 1771 omne
2001 1707 2345 1800 imperium

214 1844 611 1913 omnemque
677 1844 859 1886 suam
901 1831 1279 1910 potestatem
1340 1819 1413 1884 in
1461 1819 1824 1911 principem
1883 1821 2345 1905 transtulisset,-

217 1935 464 2004 factum
495 1936 623 2016 sit,-
669 1957 907 2013 necne,
941 1925 1128 2001 valde
1177 1934 1345 1999 inter
1387 1935 1771 2000 recentiores
1823 1936 2160 2027 scriptores
2205 1962 2349 2006 cer-

217 2062 393 2117 tatur
420 2100 440 2131 ‚
503 2071 627 2114 nec
679 2047 864 2114 facile
913 2034 1124 2114 decidi
1169 2050 1406 2139 poterit
1463 2050 1597 2135 (3).
1649 2051 1759 2117 Jus
1803 2052 2233 2120 constituendi
2278 2066 2349 2124 et

218 2164 518 2232 edicendi
577 2161 674 2230 illi
718 2164 954 2231 habere
993 2160 1312 2232 debebant
1347 2168 1841 2257 magistratuum
1879 2167 1963 2234 ad
1992 2171 2226 2252 instar,
2280 2183 2350 2239 et

221 2290 536 2373 tanquam
578 2279 894 2349 exercitus
936 2280 1346 2370 imperatores
1383 2279 1451 2345 id
1482 2291 1730 2372 semper
1766 2280 2106 2351 faciebant.
2141 2282 2348 2351 Sicuti

307 2597 420 2678 (1)
448 2582 643 2657 Bach.
682 2597 736 2657 I.
778 2618 836 2656 c.
860 2593 1187 2673 Haubold5
1229 2597 1381 2656 Inst.
1416 2594 1582 2657 liter.-
1612 2612 1677 2679 p.
1709 2596 2346 2683 25142575322-328.

309 2705 422 2784 (2)
450 2704 533 2763 D.
565 2726 616 2764 1.
643 2702 681 2765 5
708 2702 820 2784 (de
848 2714 1044 2764 const.
1066 2706 1308 2786 princ.)
1337 2701 1528 2764 Bach.
1567 2703 1646 2763 H.
1695 2704 1757 2764 J.
1788 2704 1901 2764 111.
1949 2728 2000 2765 e.
2030 2706 2207 2767 IV.s.
2234 2707 2346 2786 1V,·

232 2798 276 2871 l.
308 2811 386 2872 11.
431 2811 624 2873 5.111.
659 2833 716 2871 c.
746 2811 853 2874 111.
884 2834 933 2873 S.
974 2811 1083 2872 IV.
1119 2811 1229 2871 lib.
1266 2811 1387 2873 IV.
1418 2833 1474 2873 c.
1525 2799 1572 2873 Ῐ.
1616 2834 1667 2873 s,-
1700 2813 1784 2873 ΙΙ.
1824 2799 2151 2891 Ηειυὺοίἀ,
2185 2817 2343 2876 Inst.

232 2916 380 2979 hist.
437 2918 608 2979 dom.
670 2918 700 3001 ᾗ
772 2918 1070 3004 161-167.
1153 2918 1495 2979 sple'moires
1545 2919 1624 2978 de
1685 2905 2017 2982 PInstitut'
2058 2923 2354 2983 national

229 3024 305 3083 de
360 3027 618 3086 France
637 3072 656 3101 .,
733 3028 966 3086 section
1013 3025 1122 3085 des
1192 3027 1461 3086 sciences
1503 3026 1771 3087 morales
1833 3038 1895 3088 et
1960 3027 2300 3111 politiques
2317 3058 2348 3105 ,-

238 3132 304 3192 T.
346 3132 424 3195 V-
456 3153 531 3216 p.
566 3121 860 3210 316-421.
903 3135 1195 3214 (auctore
1229 3133 1630 3214 Bouchaud).
2014 3116 2016 3118 ¹

313 3240 427 3320 (3)
497 3240 593 3300 De
634 3239 771 3323 lege
835 3243 1001 3322 regia
1060 3240 1340 3323 loquitur
1384 3239 1412 3323 §
1466 3240 1510 3302 6
1559 3241 1609 3301 l.
1666 3261 1720 3302 ιι
1783 3260 1842 3302 2.
1905 3252 1969 3303 et
2031 3241 2102 3302 L.
2164 3264 2218 3303 1.
2263 3244 2343 3303 D.

240 3367 295 3406 1.
342 3345 408 3409 5.
448 3345 564 3427 (de
601 3357 797 3408 const.
838 3350 998 3430 pin),
1041 3355 1313 3408 nec-non
1354 3347 1749 3409 Justinianus
1777 3348 1843 3410 in
1882 3339 2350 3430 praefationibus

234 3454 362 3513 suis
403 3453 487 3514 ad
535 3455 809 3537 Digesta.
873 3452 1094 3533 Qualis
1134 3454 1326 3538 vulgo
1379 3477 1472 3516 ea.
1511 3446 1779 3542 habetur
1831 3455 2018 3522 valde
2066 3465 2351 3537 suspecta

238 3565 352 3622 est.
384 3561 541 3624 Eam
565 3575 707 3644 post
734 3563 961 3626 multos
982 3576 1188 3626 tamen
1215 3565 1499 3627 defendit
1525 3565 1792 3626 Baebius
1818 3564 1969 3642 ,1lib.·
1996 3566 2108 3625 111.
2136 3585 2192 3625 c.
2218 3565 2267 3625 1.
2294 3587 2347 3625 s.

248 3690 298 3728 1.
343 3669 375 3752 ᾗ
406 3670 541 3733 3-5.
581 3670 732 3755 Ejus·
770 3671 1158 3734 existentiam
1202 3674 1537 3756 negaverat
1564 3672 1747 3755 Hug'o
1781 3693 1975 3755 usque
2010 3670 2091 3731 ad
2117 3682 2351 3734 sextam

238 3773 383 3836 libri
430 3779 530 3838 sui
575 3777 965 3858 editionem‘,
1032 3779 1138 3840 sed
1188 3789 1329 3840 cum·
1391 3773 1582 3863 Gaius
1633 3780 1799 3840 dicat
1844 3800 1863 3838 ι
1913 3775 2353 3859 imperatorem

232 3903 350 3965 per·
383 3884 586 3965 legem
610 3886 946 3968 imperium
976 3889 1265 3971 accipere
1283 3933 1300 3964 ,
1332 3883 1398 3966 (1
1432 3887 1462 3970 §
1491 3876 1529 3947 5
1551 3888 1573 3967 )
1595 3934 1612 3963 ,
1644 3883 2018 3948 sententiam
2046 3888 2349 3963 mutavit,

240 4011 434 4074 neque
477 4004 694 4055 tamen
739 3991 987 4076 vulgari
1028 3993 1313 4080 opinioni
1350 3995 1419 4057 iu
1449 4001 1653 4057 totum
1685 3992 1950 4057 accedit.
2010 3992 2174 4057 Hist.
2220 3996 2345 4076 jur.

235 4119 381 4160 rom.
438 4103 536 4162 ed.
588 4109 737 4184 ΤΚ,
778 4099 807 4181 §
853 4120 995 4183 277.-
