2893 4778
854 314 1205 371 mnan-11.
1256 287 1353 350 -ἑ
1402 320 1560 371 οη.
1612 322 1666 369 1.
1729 361 1736 369 .
2173 297 2317 399 54'9

209 440 501 515 Vocatur
555 447 929 538 praetorium
977 434 1337 519 dominium
1403 449 1498 530 jus
1525 496 1575 529 ,ι
1616 443 1800 536 ,quod
1855 443 2053 513 habet
2118 445 2319 514 civilis

206 584 517 654 possessor
560 564 747 641 inre
795 560 966 626 bona
995 559 1133 625 *fide
1195 561 1543 651 acquisita,
1593 563 1776 646 cujus
1814 562 2068 626 vim.ac
2103 574 2318 651 potes-

205 687 407 747 tatem
476 676 764 766 superius
833 681 975 757 (ηο.
1052 675 1221 758 108)
1273 672 1689 755 indicavimus
1760 678 1911 757 (1).
1964 673 2117 739 Haee
2170 699 2320 742 vero

209 787 438 854 divisio
478 790 605 874 juri
656 810 925 854 romano
962 784 1166 853 aliena
1211 798 1303 853 est
1361 791 1507 870 (2).
1562 787 1733 853 Nam
1794 810 1935 877 quae
1981 786 2061 852 ab
2113 788 2319 853 inter-

205 903 495 995 pretibus
544 900 814 969 dominii
872 888 1048 967 utilis
1110 900 1627 968 denominatione
1696 899 2096 992 appellantur
2141 905 2316 987 jura,

211 1042 249 1082 a
295 1017 600 1082 Romanis
651 1041 983 1107 nunquam
1033 1013 1115 1081 ad
1158 1014 1517 1087 dominium
1563 1012 1970 1095 referuntur3
2027 1013 2134 1080 sed
2183 1019 2324 1101 jura

211 1132 283 1196 in
324 1154 393 1194 re
443 1128 646 1195 aliena
683 1130 1047 1209 habentur,
1090 1140 1164 1194 ut
1193 1132 1289 1215 jus
1329 1126 1892 1219 emphytheuseos3
1930 1139 2040 1193 aut
2078 1126 2190 1211 (3)
2230 1152 2323 1193 *ne

213 1244 450 1315 horum
490 1243 753 1334 quidem
792 1255 1059 1312 numero
1088 1256 1269 1323 sunt,
1322 1255 1397 1309 ut
1428 1246 1528 1331 jus
1555 1241 1742 1307 bonae
1763 1239 1913 1307 fidei
1953 1248 2327 1333 possessoris.

454 1481 486 1564 §
533 1479 649 1545 IV.
673 1478 810 1544 »De
854 1477 1207 1545 alienandi
1223 1476 1556 1571 facultate
1598 1483 1904 1546 restricta
1950 1478 2083 1565 (4).

314 1713 460 1755 210.
505 1690 741 1757 Libera
782 1715 880 1756 res
923 1715 1060 1759 suas
1108 1689 1427 1777 alienandi
1472 1702 1741 1782 potestas
1770 1743 1786 1769 ,
1833 1715 2027 1785 quam
2064 1694 2329 1785 quisque

225 1794 519 1871 (lominus
577 1808 642 1873 vi
704 1807 1109 1898 proprietatis
1171 1806 1407 1872 habere
1467 1805 1625 1873 solet
1664 1856 1689 1886 ,Ἴ
1748 1808 1937 1874 variis
2001 1831 2082 1872 ex
2133 1810 2332 1874 causis

307 2123 331 2203 ζ
353 2145 376 2185 1
401 2126 422 2203 )
471 2119 688 2184 Civilis
718 2144 1033 2205 possessor
1061 2118 1274 2207 aliqua
1316 2125 1560 2187 ratione
1588 2118 1936 2186 dominium
1976 2129 2333 2207 praetorium

229 2226 456 2291 habere
511 2229 782 2306 dicitur,
851 2246 988 2290 cum
1040 2230 1288 2293 fictione
1352 2235 1506 2312 juris
1560 2232 1833 2314 praetorii
1906 2253 2021 2312 pro
2074 2232 2335 2297 domino

228 2344 607 2425 accipiatur,
654 2361 724 2404 ac
768 2345 832 2405 in
882 2364 1010 2403 rem
1043 2340 1288 2407 actione
1330 2342 1420 2403 uti
1465 2344 1690 2425 possit.
1741 2334 2058 2425 Gajus'IV
2085 2389 2108 2422 ‚
2141 2343 2170 2427 §
2207 2336 2328 2424 363

230 2448 260 2531 ᾗ
295 2447 358 2526 4,
401 2450 450 2510 I.
501 2450 541 2529 4
568 2499 586 2528 ,
626 2448 668 2511 6
698 2449 804 2530 (de
852 2443 1221 2526 actionib.).

311 2561 439 2634 (2)
480 2555 635 2642 Ejus
678 2560 988 2641 originem
1038 2570 1164 2618 tam
1212 2579 1282 2618 ex
1308 2557 1463 2618 falsa
1518 2559 1673 2635 iuris
1713 2560 1956 2618 romani
2000 2560 2330 2637 (actiones

231 2662 495 2724 directas
541 2675 603 2725 et
659 2663 844 2726 utiles
910 2665 1390 2746 distinguentis)
1449 2665 2009 2745 interpretatione,
2069 2683 2250 2746 quam
2295 2683 2331 2727 e

228 2769 360 2848 jure
417 2773 770 2851 germanico
825 2771 1205 2838 demonstrat
1263 2770 1531 2830 Thibaut
1559 2816 1576 2844 ,
1638 2770 1899 2854 Civilisc.
1973 2770 2044 2829 V
2038 2774 2286 2831 ersuclte
2310 2820 2328 2847 ,

228 2873 304 2935 Τ.
370 2877 468 2952 11,
505 2898 572 2958 p.
626 2875 842 2960 67-99.
902 2877 996 2936 De
1040 2874 1160 2936 hoc
1207 2875 1515 2936 videndus
1570 2888 1663 2936 est
1712 2877 1784 2936 C.
1843 2878 1921 2935 F.
1972 2875 2328 2952 ΕἱοΙιΙιονη,

229 2979 540 3043 Deutsclze
606 2985 819 3044 Staats
866 2982 1001 3042 und
1036 2981 1592 3062 Rechtsgesclu‘chte
1632 3028 1650 3058 ,
1708 2982 1785 3042 Τ.
1845 2982 1936 3044 IV
1980 3029 1993 3053 ‚
2057 3005 2121 3064 p.
2185 2981 2330 3066 494.

230 3083 545 3150 Laudatur
593 3110 844 3172 quoque
897 3089 968 3149 C.
1020 3087 1100 3149 H.
1159 3089 1373 3167 Lang,
1423 3089 1889 3164 ¹Commentaiio
1945 3089 2023 3148 de
2067 3090 2330 3151 dominii

227 3194 405 3257 utilis
438 3206 701 3273 natura,
732 3192 941 3258 indole
972 3204 1160 3278 atque
1188 3194 1492 3256 historia
1474 3199 1810 3378 ,ejusqueo
1811 3197 1876 3254 in
1912 3197 2046 3276 jure
2074 3217 2330 3258 romano

226 3312 289 3362 et
338 3301 706 3364 Germanico
751 3303 1052 3385 vestigiis.
1097 3299 1441 3384 Goettingae
1486 3303 1685 3384 1793,

310 3395 440 3485 (3)
467 3411 603 3470 Jam
632 3408 1158 3473 Glossatoresduo
1172 3408 1432 3469 dominii
1461 3408 1637 3468 utilis
1664 3427 1883 3488 genera
1814 3344 2325 3490 ,distinguunss

227 3514 574 3576 absolutum
619 3515 898 3593 scilicet,
965 3526 1030 3577 et
1063 3515 1601 3604 subalternatum·
1659 3535 1794 3595 quae
1838 3513 2161 3574 distinctio
2202 3538 2327 3576 non

225 3603 368 3683 raro
403 3622 483 3683 ab
514 3615 833 3684 hodiernis
874 3617 1239 3707 ignoratum
1285 3621 1518 3700 Hugn,
1570 3619 2043 3705 Encyclopoedze
2089 3621 2186 3682 ed.
2234 3639 2322 3705 7⁰.

225 3749 291 3811 p.
333 3726 492 3804 188,
540 3727 586 3788 l.
636 3726 880 3808 20-24,
920 3751 986 3812 p.
1022 3726 1286 3812 299,l.
1326 3725 1545 3788 20-23.

310 3833 434 3917 (4)
470 3834 742 3908 Thibaut
764 3836 1070 3913 wSystem
1091 3882 1108 3934 ,
1143 3833 1370 3917 §584·
1356 3878 1376 3912 ,
1405 3855 1533 3894 von
1561 3833 1878 3913 Wem‘ng,
1908 3832 2020 3893 lib.
2051 3855 2119 3909 2,
2150 3833 2179 3916 §
2210 3835 2323 3916 143

221 3940 283 4001 J.
311 3961 351 4001 a
377 3939 617 4018 Gaude,
650 3941 726 4002 de
744 3935 1093 4024 prohibita
1090 3963 1295 4002 rerum
1317 3940 1718 4016 alienatione,
1748 3938 1908 4002 Leov
1894 3940 2101 4004 'ardiae
2137 3941 2285 4028 1657
2306 3991 2324 4021 ‚

218 4048 288 4108 in
322 4050 557 4131 operib.
584 4096 602 4126 ‚
645 4047 949 4111 Bruxellis
990 4070 1135 4132 1721
1165 4095 1184 4126 ,
1222 4071 1286 4130 p.
1335 4050 1508 4109 1-30.
