2893 4778
511 274 664 371 456
830 293 1341 354 conum-rna
1388 302 1588 353 smus
1636 297 1918 353 nouam
1970 292 2299 354 pamm.

513 453 657 497 rem
696 424 1032 493 defendere
1073 422 1234 494 solet
1275 427 1389 513 (1)
1440 428 1532 509 (n.
1581 426 1755 514 281).
1805 425 1978 494 Cum
2015 441 2227 495 autem
2265 427 2409 494 haec
2453 425 2624 495 actio

516 566 653 613 non
711 541 836 609 nisi
889 542 948 608 ei
997 549 1318 631 competat
1349 588 1367 620 ‚
1424 540 1534 607 cui
1592 564 1689 606 res
1749 539 1980 608 tradita
2036 552 2130 608 est
2190 546 2343 627 (n0.
2410 543 2625 633 279),

517 660 939 728 necessarium
1001 665 1095 723 est
1118 704 1135 735 ‚
1182 676 1333 719 eum
1374 655 1489 744 qui
1527 652 1637 719 illa
1687 656 1999 723 servitutis
2032 654 2442 723 defendendae
2478 681 2628 748 gra-

513 776 606 851 tia
645 758 928 863 experiri
963 767 1121 838 velit
1150 818 1169 849 ‚
1223 791 1341 860 per
1393 767 1881 836 similitudinem
1920 770 2236 838 servitutis
2296 771 2626 864 possessio-

513 913 665 959 nem
711 886 889 979 quasi
938 882 1280 950 traditione
1303 880 1518 949 -fuisse
1559 897 1815 951 nactum
1858 888 1999 971 (2).

610 1002 650 1068 3
666 1026 685 1066 ι
702 1025 761 1092 7.
804 998 1156 1067 Servitutes
1201 1008 1414 1063 autem
1464 999 1843 1066 constituere
1889 1009 2151 1092 possunt
2196 1021 2412 1066 rerum
2458 1021 2631 1065 one-ff

417 1149 436 1166 κ
519 1114 868 1184 randarum
927 1110 1218 1204 domini,
1274 1110 1510 1203 quibus
1563 1108 1837 1176 alienare
1888 1108 2039 1177 licet
2089 1114 2224 1197 (n0.
2280 1112 2449 1195 208)
2487 1117 2506 1191 (
2526 1111 2625 1199 3).

518 1232 658 1324 Qui
701 1232 834 1323 ipse
875 1252 1009 1295 non
1044 1228 1274 1314 nisijus
1311 1227 1630 1294 servitutis
1660 1225 1729 1292 in
1774 1251 1844 1292 re
1875 1225 2108 1305 habet,
2149 1224 2391 1292 nullam
2427 1229 2625 1293 servi-

517 1357 728 1414 tutem
776 1337 1153 1410 constituere
1204 1351 1411 1432 potest
1429 1390 1449 1421 ,
1506 1363 1701 1432 quare
1764 1338 2247 1421 usufructuarii,
2294 1345 2393 1428 jus
2431 1353 2629 1408 suum

516 1458 792 1529 alienare
810 1482 943 1525 non
959 1453 1226 1525 valentis
1240 1506 1258 1536 ,
1279 1478 1612 1521 consensus
1631 1453 1710 1519 ad
1736 1455 2104 1522 servitutem
2116 1452 2623 1526 constituendam

512 1573 689 1643 utilis
728 1572 1074 1663 efficaxque
1100 1593 1228 1637 esse
1265 1592 1398 1635 non
1444 1580 1651 1661 potest
1681 1567 1798 1656 (4)
1829 1594 1848 1653 ;
1896 1568 2317 1662 emphyteuta
2353 1592 2520 1669 vero*
2551 1580 2621 1637 et

599 1843 711 1925 (1)
751 1840 823 1900 L.
862 1860 885 1900 ι
923 1837 954 1921 §
995 1858 1078 1921 9,
1116 1839 1199 1897 D.
1238 1835 1363 1916 43,
1415 1836 1491 1899 ι8
1537 1834 1682 1915 (de
1726 1834 2310 1919 superficieb.);l.
2358 1855 2421 1894 ιι
2468 1833 2497 1915 §
2542 1855 2616 1906 1,

508 1950 590 2014 D.
621 1948 686 2025 6,
716 1969 752 2008 2
769 1946 871 2027 (de
892 1942 1127 2028 public.
1153 1945 1219 2003 in
1237 1964 1370 2004 rem
1390 1947 1542 2024 act.)
1575 1965 1594 2003 ε
1633 1943 1866 2005 dicitur
1894 1943 2084 2021 inde3
2110 1940 2225 2002 hos
2252 1941 2616 2010 servitutem

516 2058 774 2120 tuitione
826 2052 1106 2136 praetoris
1144 2049 1380 2111 habere
1407 2070 1429 2128 3
1475 2047 1519 2110 l.
1546 2050 1638 2134 9§
1671 2073 1693 2112 1
1716 2098 1733 2130 ,
1760 2052 1840 2111 D.
1868 2048 1908 2111 8
1929 2041 2042 2133 ,9,
2069 2050 2288 2132 (usufr.
2317 2047 2617 2131 quemad-

513 2163 686 2227 mod.
731 2169 966 2223 caveat.
999 2158 1075 2238 13
1119 2154 1168 2218 l.
1227 2177 1250 2217 1
1305 2178 1402 2239 pr.
1435 2204 1455 2235 ,
1512 2158 1593 2217 D.
1639 2179 1674 2242 7
1709 2204 1729 2234 ,
1768 2155 1809 2235 4
1849 2156 2070 2239 (quib.
2115 2156 2281 2218 mod.
2322 2153 2610 2235 namsia).

590 2289 841 2375 (2)'De
876 2289 996 2351 hoc
1039 2309 1183 2351 casu
1231 2288 1351 2351 fert
1392 2289 1436 2349 1.
1487 2288 1711 2372 11§1
1751 2337 1769 2365 ,
1813 2290 1891 2350 D.
1933 2288 2016 2368 6,
2055 2310 2093 2351 2
2134 2291 2275 2374 (de
2312 2258 2492 2374 publ.
2539 2292 2609 2352 iu

497 2422 641 2482 ,rem
670 2410 793 2461 act.
819 2397 895 2476 >3
930 2417 1057 2480 arg.
1095 2394 1143 2460 l.
1195 2417 1218 2457 1
1253 2395 1283 2481 ᾗ
1318 2417 1356 2458 2
1387 2442 1405 2477 ‚
1442 2397 1523 2457 D.
1565 2395 1647 2475 8,
1683 2400 1720 2461 3
1749 2397 1877 2477 (de
1908 2418 2070 2463 serv.
2099 2398 2288 2483 Praed,
2321 2399 2611 2479 rustico„
2678 2412 2686 2416 .

505 2504 968 2582 Schmidtlein,
996 2525 1062 2586 p.
1080 2501 1298 2587 83-89.

588 2636 704 2723 (3)
747 2637 818 2697 L.
858 2634 902 2699 6
939 2657 1037 2718 pr.
1073 2682 1093 2713 ,
1133 2632 1183 2696 1.
1225 2634 1267 2696 8
1305 2635 1390 2696 D.
1433 2634 1514 2712 a,
1555 2635 1597 2715 4
1628 2635 2030 2716 (communia
2073 2640 2285 2701 servit.
2307 2640 2367 2720 >-

587 2768 718 2853 (4)
763 2766 916 2829 Inde
972 2776 1038 2828 et
1090 2785 1163 2827 ex
1216 2785 1291 2827 eo
1329 2814 1347 2842 ,
1404 2765 1573 2850 quod
1626 2767 2120 2832 usufructuarius
2166 2772 2265 2850 ius
2314 2790 2494 2833 suum
2543 2762 2611 2831 in

499 2885 866 2936 extraneum
910 2873 1250 2934 transferre
1295 2894 1423 2934 non
1475 2884 1679 2956 potest
1718 2922 1735 2950 ,
1786 2879 2023 2958 optime
2067 2875 2406 2960 explicatur
2450 2877 2609 2937 ratio

491 2980 831 3043 decisionis
858 2978 1120 3063 Ulpiani
1155 2981 1223 3040 in
1251 2978 1296 3039 l.
1346 2979 1416 3041 15
1461 2982 1529 3041 in
1571 2980 1617 3042 f.
1645 3028 1665 3058 ,
1712 2980 1760 3043 l.
1813 2981 1886 3044 16
1930 2995 1995 3044 et
2043 3006 2109 3067 17
2153 3006 2250 3066 pr.
2286 3031 2305 3054 ,
2342 2985 2423 3045 D.
2455 3006 2489 3065 7
2518 3029 2535 3058 ‚
2578 3005 2601 3044 1

493 3090 534 3170 (
568 3087 645 3150 de
697 3088 1089 3163 usufructu.)
1128 3132 1145 3163 ,
1195 3108 1382 3170 quam
1428 3086 1640 3170 plures
1688 3090 2056 3171 interpretes
2103 3091 2257 3151 adeo
2309 3088 2609 3150 condem·-

490 3204 732 3255 narunt
775 3240 796 3269 ,
858 3204 932 3254 ut
981 3202 1218 3254 textum
1272 3192 1731 3255 emendandum
1792 3205 2110 3276 putarent.
2170 3194 2606 3255 Emendationi

485 3301 675 3362 etiam
701 3300 909 3363 obstat
943 3297 987 3360 l.
1023 3319 1058 3359 2
1098 3298 1129 3382 ᾗ
1178 3322 1212 3384 7
1243 3347 1259 3376 ‚
1306 3300 1386 3360 D.
1442 3320 1505 3361 ιι
1541 3348 1558 3378 ,
1610 3322 1643 3383 7
1692 3299 1824 3377 (de
1850 3299 2228 3384 religiosis).
2271 3299 2605 3362 Van-iorum

483 3408 814 3467 conamina
867 3405 1150 3468 referunt
1193 3406 1394 3468 Glic'ck
1438 3453 1457 3485 ,
1526 3408 1947 3468 Commentar.
2008 3408 2088 3468 T.
2144 3406 2238 3468 IV
2268 3454 2287 3481 ,
2350 3406 2380 3490 §
2430 3405 2552 3469 625
2581 3449 2601 3484 ‚

481 3533 551 3596 p.
582 3511 781 3592 42-60
805 3558 825 3591 ,
850 3523 913 3574 et
930 3511 1362 3595 Smallenburg
1398 3534 1538 3573 cum
1566 3511 1958 3596 Schultingio
2012 3515 2081 3574 in
2115 3513 2300 3574 notis.
2347 3521 2495 3574 tom.
2532 3513 2599 3585 Ι,

478 3639 546 3702 p.
620 3619 937 3680 213-216
978 3641 999 3700 τ,
1048 3618 1578 3702 Bynkershoeckii
1642 3619 2137 3681 emendationem
2194 3617 2326 3680 fere
2375 3640 2597 3702 seque·—

476 3724 711 3787 bautur
765 3725 1044 3796 doctores
1094 3727 1503 3788 Lovanienses
1538 3722 1790 3801 (Recit.
1844 3727 1921 3787 T.
1973 3728 2033 3786 11
2076 3771 2095 3803 ‚
2144 3748 2209 3807 p.
2256 3721 2363 3798 5)
2400 3753 2443 3800 ,·
2482 3724 2595 3786 illo

477 3833 618 3916 ipso
672 3833 1050 3895 audaciores.
1105 3834 1275 3895 Inter
1327 3831 1668 3916 peculiares
1719 3832 1838 3895 hac
1900 3832 1976 3894 de
2025 3834 2361 3916 quaestione
2421 3853 2589 3892 com·-

474 3941 884 4002 mentationes
933 3938 1180 4003 excellit
1246 3940 1407 4001 God.
1469 3941 1716 4003 Bauerii
1763 3938 2008 4003 dissert.
2074 3940 2141 4001 in
2200 3936 2518 4023 opusculis
2558 3986 2581 4019 ,

470 4042 697 4137 Lipsiae
746 4046 895 4132 1787
923 4096 940 4126 ‚
989 4071 1055 4132 p.
1109 4046 1223 4127 134
1266 4058 1329 4111 et
1367 4068 1496 4131 seq.
