2893 4778
513 324 661 413 450
862 345 1378 396 coumeu‘rnn
1435 346 1637 394 smus
1691 345 1976 395 RouAm
2026 348 2344 397 rmum.

514 474 691 541 Cum
731 497 883 542 vero
924 485 1059 542 tam
1132 473 1343 538 stricte
1385 470 1907 566 (interpretandae
1984 498 2121 541 non
2185 477 2314 542 sint
2396 489 2640 543 testan—

513 592 679 656 tium
724 589 1125 669 voluntates3
1179 590 1527 680 quominus
1588 587 1847 656 modico
1899 587 2064 657 lacte
2113 601 2369 672 utatur,
2426 594 2644 684 impe-

516 703 788 771 diendus
824 729 958 770 non
1003 715 1096 770 est
1133 705 1244 788 (ι).

604 842 659 882 c.
706 818 825 885 Sin
849 842 998 885 vero
1025 828 1257 909 praeter
1290 816 1627 884 fructuum
1660 816 1913 883 lucrum
1932 818 2237 883 usuarius
2264 816 2363 883 vel
2399 817 2646 884 nullam

515 958 596 1000 ex
632 958 700 1000 re
719 931 1059 999 utilitatem
1077 931 1177 1000 vel
1194 929 1533 999 minimam
1553 932 1823 998 haberet
1842 985 1859 1013 ‚
1883 957 2006 1023 pro
2022 933 2335 999 testatoris
2353 930 2639 999 liberali-

513 1059 646 1114 tate
671 1060 736 1114 et
765 1044 1078 1137 dignitate
1099 1050 1229 1134 ejus
1261 1046 1366 1111 cui
1406 1045 1659 1112 relictus
1686 1059 1781 1112 est
1810 1071 1956 1111 usus
1978 1099 1995 1127 ,
2036 1045 2272 1138 largius
2310 1048 2636 1141 agendum

514 1175 611 1228 est
628 1207 656 1242 ,
677 1174 741 1227 et
761 1158 1149 1228 concedendi
1184 1162 1243 1225 ei
1272 1158 1518 1225 fructus
1548 1183 1662 1251 pro
1689 1162 1926 1226 usuarii
1948 1186 2345 1253 suorumque
2364 1165 2637 1229 necessi-

518 1290 690 1360 tate3
743 1302 942 1369 quare
982 1279 1112 1368 ipse
1152 1275 1273 1341 sibi
1323 1288 1390 1343 et
1427 1300 1549 1367 pro
1584 1277 1708 1342 suis
1754 1274 2000 1342 fructus
2037 1280 2361 1369 percipere
2399 1290 2636 1369 potest,

517 1391 839 1461 'vendendi
875 1394 1078 1484 gratia
1128 1391 1260 1456 non
1301 1402 1507 1482 potest
1542 1396 1674 1477 (2).
1715 1391 1812 1457 Ita
1857 1394 1908 1457 is
1944 1394 2048 1458 cui
2100 1391 2267 1460 villae
2310 1390 2411 1462 vel
2464 1392 2638 1460 horti

520 1527 668 1570 usus
722 1502 981 1590 relictus
1026 1512 1119 1567 est
1159 1501 1291 1586 (3).

613 1619 684 1685 d.
730 1619 841 1683 Jus
870 1603 1093 1682 utendi
1134 1639 1267 1680 non
1303 1615 1428 1678 nisi
1473 1614 1554 1678 ab
1600 1615 1731 1705 ipsa
1772 1616 2011 1680 usuarii
2049 1639 2315 1703 persona
2357 1618 2639 1683 exerceri

516 1745 726 1826 potest
755 1783 771 1812 ‚
832 1730 1004 1797 unde
1067 1753 1197 1795 non
1254 1727 1463 1794 solum
1517 1725 1790 1794 vendere
1846 1727 1947 1795 vel
2006 1728 2213 1796 locare
2266 1755 2455 1798 usum
2507 1755 2638 1798 non

516 1859 764 1941 potest,
799 1844 908 1928 sed
948 1867 1158 1935 neque
1195 1845 1390 1935 gratis
1428 1866 1578 1908 eum
1616 1840 1725 1907 alii
1764 1843 2107 1944 concedere
2156 1846 2235 1931 (4
2258 1850 2299 1930 ),

606 1986 666 2027 e.
713 1958 1086 2052 Aliquando
1129 1962 1229 2048 jus
1280 1981 1425 2025 usus
1452 1951 1455 1962 ’
1480 1957 1559 2021 ab
1608 1955 1940 2025 usufructu
1972 1984 2105 2026 non
2145 1958 2391 2040 differt,
2439 1958 2637 2028 veluti

514 2100 667 2145 cum
711 2099 864 2143 usus
920 2096 1136 2141 rerum
1172 2070 1428 2138 relictus
1479 2073 1561 2137 sit
1594 2120 1614 2151 ‚
1675 2096 1819 2163 quae
1870 2072 2114 2140 utendo
2171 2088 2636 2142 consumuntur

517 2189 620 2260 vel
664 2193 1050 2258 minuuntur
1094 2187 1255 2273 (5);
1303 2164 1776 2278 denique'usus
1828 2188 2003 2257 silvae
2046 2188 2281 2257 caeduae
2321 2189 2638 2257 usuifmc-

523 2306 623 2372 tui
668 2304 1008 2397 expressim
1044 2303 1467 2396 aequiparatus
1503 2313 1593 2367 est
1630 2303 1780 2389 (6).

588 2420 663 2509 s.
708 2420 926 2487 Onera
981 2420 1217 2485 usuarii
1269 2415 1494 2482 eadem
1552 2415 1684 2484 fere
1740 2428 1890 2485 sunt
1943 2442 2016 2486 ac
2069 2418 2521 2487 usufructuarii
2572 2430 2638 2484 et

519 2558 641 2627 pro
663 2534 824 2622 juris
861 2536 961 2601 sui
996 2534 1360 2599 extensione
1389 2530 1582 2597 modo
1622 2533 1878 2600 minora
1901 2584 1917 2613 ‚
1956 2533 2149 2601 modo
2195 2536 2490 2626 graviora
2523 2538 2633 2625 (7).

605 2679 674 2746 g.
725 2651 1032 2718 Ceterum
1089 2651 1354 2718 servitus
1403 2671 1565 2743 usus·
1601 2660 1665 2714 et
1720 2648 2110 2717 ususfructus
2173 2652 2242 2717 in
2285 2650 2510 2718 eadem
2563 2673 2632 2714 re

602 2899 719 2983 (1)
766 2900 837 2960 L.
894 2918 1011 2976 12,
1058 2896 1088 2980 §
1142 2918 1223 2972 2,
1272 2896 1353 2956 D.
1394 2894 1461 2953 11.
1510 2903 1559 2953 t.

491 2990 494 2993 Ι
600 3010 707 3091 (2)
750 3010 822 3069 L.
884 3028 952 3069 12
986 3004 1180 3089 pr.,§
1235 3025 1310 3077 ι,
1344 3002 1390 3062 l.
1454 2999 1646 3075 15,l.
1694 3022 1809 3078 22,
1859 3000 1989 3084 §2,
2039 3005 2118 3064 D.
2163 3002 2230 3064 h.
2276 3015 2325 3065 t.
2359 3003 2635 3083 3esthie

513 3115 682 3178 solus
704 3137 882 3177 casus
911 3116 977 3174 in
1003 3134 1129 3196 quo
1152 3132 1298 3172 usus
1320 3107 1628 3192 appellari
1655 3119 1855 3191 potest
1871 3111 2261 3173 ususfructus
2292 3115 2632 3175 restrictus.

597 3226 708 3306 (3)
730 3224 800 3284 L.
842 3244 912 3283 12
939 3270 957 3298 ,
982 3221 1009 3305 §
1034 3243 1069 3281 2
1102 3222 1215 3297 ‚D.
1251 3218 1316 3280 h.
1348 3228 1438 3294 t.·,
1470 3214 1584 3276 Du
1605 3218 1925 3300 Cam-roy,
1956 3219 2297 3298 Institutes,
2323 3242 2468 3303 pag.
2494 3219 2638 3284 352.

598 3331 716 3414 (4)
766 3330 925 3392 Vide
973 3329 1001 3411 §
1050 3350 1086 3389 2
1115 3376 1132 3405 ‚
1188 3329 1280 3402 3,
1331 3327 1484 3385 lust.
1534 3321 1601 3382 11.
1660 3335 1706 3385 t.
1741 3344 1757 3395 3
1795 3326 1838 3389 1.
1883 3326 1962 3403 8,
2005 3328 2082 3387 D.
2126 3327 2193 3388 h.
2238 3338 2286 3389 t.
2332 3329 2639 3389 Usuarius

510 3449 719 3500 tamen
757 3440 866 3521 qui
899 3437 1032 3519 ipse
1060 3435 1313 3496 domum
1357 3432 1604 3509 habitat
1638 3481 1655 3510 ,
1709 3436 1897 3495 etiam
1940 3430 2323 3517 inquilinum
2368 3436 2639 3518 recipere

429 3531 435 3537 ⁶
508 3558 762 3629 potest3
814 3544 860 3605 l.
933 3564 970 3602 2
1011 3542 1041 3625 §
1093 3563 1114 3601 1
1157 3588 1175 3618 ‚
1225 3540 1269 3601 l.
1311 3539 1395 3619 4,
1438 3544 1520 3601 D.
1563 3542 1632 3604 h.
1685 3552 1791 3620 t.;
1864 3541 2011 3606 vide
2075 3552 2282 3602 tamen
2341 3539 2516 3603 aliud
2566 3544 2634 3603 in

507 3674 654 3715 casu
690 3653 736 3714 1.
785 3672 856 3713 12
894 3650 922 3734 ᾗ
964 3649 1038 3729 4,
1079 3650 1156 3709 D.
1198 3649 1335 3710 eod.
1632 3724 1643 3733 .

590 3762 711 3845 (5)
753 3760 824 3819 L.
857 3757 895 3820 5
918 3757 948 3841 ᾗ
973 3777 1009 3817 2
1042 3804 1060 3835 ,
1090 3758 1171 3817 D.
1209 3778 1242 3839 7
1270 3802 1288 3831 ‚
1329 3755 1370 3834 4
1391 3804 1409 3831 ,
1441 3756 1551 3837 (de
1573 3755 1740 3818 usuf.
1775 3775 1902 3817 ear.
1936 3775 2060 3818 rer.
2097 3774 2234 3839 quae
2260 3757 2632 3837 usu·cons.).

591 3869 707 3947 (6)
750 3867 822 3928 L.
864 3886 942 3926 22
981 3886 1080 3947 pr.
1118 3911 1136 3943 ‚
1185 3864 1269 3924 D.
1308 3862 1374 3924 h.
1414 3875 1462 3927 t.
1505 3884 1529 3947 3
1583 3866 1930 3949 Majansius
1969 3863 2053 3926 ad
2096 3864 2284 3926 XXX
2327 3864 2638 3927 Iocorum

501 3977 801 4057 fragmen.
841 3976 871 4035 Ι
899 4020 918 4050 ,
961 3994 1024 4055 p.
1070 3992 1189 4055 290
1231 3982 1295 4032 et
1343 3991 1474 4058 seq.

635 4084 746 4167 (7)
794 4082 866 4143 L.
922 4080 1037 4160 18,
1079 4082 1161 4141 D.
1204 4079 1326 4142 h.t.
