2893 4778
751 339 1091 393 Animum
1153 339 1247 388 m·
1296 330 1786 392 00111110οΝ01.
2176 301 2319 394 555

208 463 313 525 ‘Ad
348 483 473 543 pag.
513 464 604 521 54.
674 462 835 521 Adde
857 475 1004 520 notae
1032 483 1055 517 1
1086 462 1338 539 Hugonis
1367 462 1535 519 civil
1548 465 1847 537 Magazin.
1882 460 2065 520 νῶιν
2089 504 2106 533 ,
2125 479 2210 520 110.
2235 484 2320 521 10.

382 584 414 618 s
506 563 596 618 56.
668 561 798 619 Lin.
836 564 870 617 6
919 560 1086 616 infer.
1126 560 1190 617 in
1224 570 1388 618 textu
1426 560 1573 618 adde
1601 569 1739 633 post
1784 558 2104 617 Charondae
2143 563 2319 635 1575,

726 656 1069 730 Antwerpiae
1093 698 1110 727 ,
1143 669 1201 716 et
1298 711 1303 716 .

380 779 414 812 α
508 758 598 832 57.
669 757 745 815 N.
771 759 827 813 4.
850 757 1104 828 'Optime
1133 775 1279 813 nunc
1300 755 1597 812 historiam
1625 755 1990 813 Novellarum
2015 757 2329 814 illustravit

732 855 836 909 cel.
868 854 1068 910 Biener
1095 854 1157 910 in
1190 873 1354 927 opere
1386 855 1731 911 Gesclzichte
1760 857 1865 910 der
1894 855 2173 912 Novellen
2188 858 2327 909 Jus-

732 953 951 1005 tim'ans
961 972 982 1013 ;
1001 949 1211 1007 Berlin
1229 952 1387 1019 1824,
1415 970 1439 1005 1
1464 951 1579 1006 vol.
1595 953 1673 1006 80.
1691 950 1968 1022 Praecipui
1981 951 2333 1006 novellarum

658 1097 666 1103 .
734 1047 948 1102 codices
978 1048 1142 1122 graeci
1167 1045 1296 1103 sunt
1310 1058 1543 1104 venetus
1566 1058 1621 1103 et
1647 1047 1987 1104 florentinus.
2031 1041 2331 1120 Scrimgeri

618 1187 623 1190 Α
731 1145 977 1216 recensio
1036 1145 1192 1201 edita
1242 1155 1327 1200 est
1379 1147 1535 1201 1558.
1589 1145 1674 1201 De
1700 1145 1935 1221 Agylaeo
1977 1143 2109 1202 vide
2158 1144 2222 1199 in
2266 1144 2331 1199 h.

728 1258 896 1315 opere
915 1282 933 1312 ,
974 1259 1032 1315 p.
1079 1243 1341 1315 379-585.
1384 1242 1632 1299 Duareni
1671 1242 1985 1300 versionem
2020 1241 2107 1299 bis
2142 1239 2336 1317 publi-e

735 1340 889 1396 cavit
918 1341 1227 1396 Russardns
1247 1381 1264 1409 ,
1298 1340 1456 1395 annis
1495 1342 1633 1397 1560
1665 1351 1722 1398 et
1763 1342 1922 1415 1567.
1989 1373 1994 1378 -

395 1457 427 1493 α
518 1438 606 1493 60.
649 1435 808 1492 ‘Lim
848 1458 921 1511 9,
957 1437 1116 1512 legas
1159 1440 1299 1494 1614
1327 1457 1438 1510 pro
1479 1440 1637 1496 1604.

389 1552 426 1589 0
517 1536 607 1589 61.
679 1532 808 1587 Lin.
851 1551 954 1604 17,
994 1533 1104 1607 leg.
1146 1534 1281 1606 1607
1306 1552 1421 1606 pro
1464 1534 1622 1590 1605.
1677 1573 1680 1578 -

390 1656 426 1690 α
515 1636 607 1691 62.
677 1636 807 1691 Lin.
842 1635 951 1690 ult.
991 1644 1152 1690 textu
1186 1636 1295 1707 leg.
1330 1636 1590 1692 celeberr.
1624 1652 1730 1707 pro
1764 1636 1900 1692 clar.

397 1758 428 1790 (ι
524 1735 612 1789 65.
687 1733 815 1790 Νη.
847 1752 934 1801 11,
962 1733 1107 1789 adde
1122 1730 1257 1789 Ant.
1285 1732 1565 1788 Zirardini
1588 1755 1600 1788 ε
1622 1735 1878 1805 imperat.
1894 1728 2193 1789 Theodosii
2215 1732 2335 1804 jun.

738 1840 797 1886 et
824 1823 1207 1887 Valentiniani
1225 1830 1334 1887 111.
1363 1832 1617 1889 Novello
1659 1832 1838 1906 leges,
1876 1829 2155 1890 Faventia
2177 1830 2343 1904 1766.

742 1946 769 1982 1
810 1926 928 1983 vol.
966 1926 1046 1979 80.
1648 1949 1653 1954 ·

397 2045 429 2076 α
536 2024 625 2080 66.
696 2021 823 2079 Lin.
859 2038 986 2094 pen.
1016 2037 1125 2090 pro
1161 1973 1459 2091 Papiniani
1495 2018 1651 2094 legas
1685 2019 1940 2096 Papiani.

398 2139 433 2174 0
526 2121 617 2193 67.
688 2121 759 2178 In
797 2118 898 2175 fin.
938 2117 1144 2174 Omnia
1190 2117 1311 2172 haec
1354 2116 1668 2191 fragmenta
1720 2135 1906 2174 recens
1956 2116 2169 2175 detecta
2226 2120 2343 2192 jam

742 2216 1011 2290 prodiere.
1029 2213 1184 2274 hisce
1220 2213 1318 2269 sub
1356 2214 1560 2271 titulis.

614 2379 621 2386 ,
691 2329 767 2370 10.
808 2313 1082 2370 Vaticana
1148 2312 1288 2382 juris
1351 2312 1571 2366 romani
1645 2312 1956 2388 fragmenta
1995 2329 2093 2367 .ex
2143 2310 2347 2368 Codice

816 2413 1174 2486 palimpsesto
1241 2412 1436 2466 Romae
1505 2430 1540 2465 a
1599 2414 1702 2467 cel.
1759 2412 1834 2467 A.
1893 2414 2042 2483 Majo
2109 2412 2346 2469 detecta.

816 2514 1048 2570 Parisiis
1084 2515 1243 2568 1825.
1286 2532 1310 2567 1
1346 2514 1465 2568 vol.
1488 2514 1601 2580 80.,
1625 2515 1750 2570 vel:
1786 2513 1926 2585 juris
1950 2514 2166 2569 romani
2185 2525 2346 2568 ante-

816 2607 1138 2681 justinianei
1164 2607 1472 2682 fragmenta
1498 2608 1754 2663 vaticana
1784 2625 1813 2661 e
1839 2609 1956 2662 cod.
1982 2609 2353 2679 Palimpsesto·

819 2709 969 2765 eruit
1000 2706 1072 2764 A.
1106 2708 1321 2778 Majus;
1355 2708 1551 2762 Romae
1583 2715 1639 2760 et
1667 2707 1917 2761 Berolini
1953 2696 2110 2763 18'24.

592 2828 601 2841 1
691 2818 774 2869 2⁰.
812 2804 1033 2866 Codicis
1061 2803 1435 2861 Theodosiani
1471 2803 1781 2875 fragmenta
1820 2804 2031 2860 inedita
2052 2843 2070 2872 ,
2094 2823 2123 2859 e
2148 2805 2349 2861 Codice

839 2908 1196 2981 palimpsesto
1262 2905 1617 2960 bibliotheca
1673 2904 2029 2960 Taurinensis
2086 2903 2352 2963 Athenaei

836 3006 904 3060 in
950 3006 1133 3061 lucem
1187 3003 1427 3075 protulit
1480 3012 1640 3076 atque
1702 3001 2014 3060 illustravit
2069 3001 2352 3060 Amadeus

833 3104 1060 3177 Peyron
1092 3101 1333 3176 linguar.
1379 3099 1581 3155 orient.
1628 3098 1940 3170 professor,
1975 3100 2229 3155 exhibita
2258 3101 2349 3158 die

838 3204 910 3256 50
970 3200 1217 3272 januarii
1288 3198 1430 3256 1825
1496 3197 1559 3252 in
1625 3196 1905 3254 academia
1970 3196 2297 3253 Taurinensi
2319 3242 2338 3271 ‚

844 3317 871 3353 1
910 3299 1029 3355 vol.
1064 3299 1148 3353 40.

699 3397 784 3451 50.
818 3394 1193 3451 'theodosiani
1230 3392 1448 3450 Codicis
1478 3390 1704 3467 genuini
1740 3394 2050 3467 fragmenta
2080 3413 2150 3451 ex
2173 3404 2351 3451 mem-

770 3493 956 3548 branis
981 3492 1333 3548 bibliothecas
1350 3490 1731 3547 Ambrosianus
1750 3491 2179 3548 Mediolanensis
2204 3511 2352 3549 nunc

768 3591 1021 3662 primum
1035 3589 1213 3645 edidit
1225 3589 1391 3646 W.F.
1406 3588 1666 3657 Glossius,
1685 3588 2118 3672 etc.;Tubingae-1
2130 3591 2253 3656 824,
2270 3591 2354 3644 80.

700 3685 788 3743 De
826 3689 1148 3763 fragmentis
1177 3687 1397 3743 Codicis
1427 3686 1797 3742 Theodosiani
1831 3687 1959 3744 vide
1988 3687 2351 3755 Themidem,

774 3796 907 3840 tom.
945 3786 1067 3849 VI,
1105 3803 1228 3859 pag.
1267 3788 1369 3841 411
1412 3795 1469 3840 et
1503 3785 1631 3840 485.

418 3902 449 3936 <t
538 3886 626 3955 74.
702 3885 776 3941 N.
819 3885 874 3937 5.
925 3883 1145 3937 Gallica
1182 3883 1365 3939 versio
1395 3881 1648 3940 historiae
1685 3881 1829 3954 juris
1858 3881 2072 3939 romani
2106 3899 2140 3937 a
2181 3882 2351 3938 celeb.

776 3980 844 4036 de
907 3979 1157 4056 Savigny
1243 3981 1541 4056 publicato
1599 3982 1833 4042 Parisiis
1899 3981 2188 4059 proditura
2268 3991 2349 4038 est

771 4088 992 4139 miore
1033 4078 1262 4138 Gercleb.
