2893 4778
446 287 453 294 ·
566 255 720 344 480
903 278 1417 329 conmanunt
1465 279 1666 358 sums
1719 271 2001 329 nomm
2050 280 2371 333 rmum.

572 406 808 471 Totius
850 402 1075 496 praedii
1130 403 1422 469 interitus
1469 401 1875 498 solummodo
1922 406 2403 498 emphyteutam
2423 406 2513 504 ⁴ab
2558 406 2693 475 hae

573 519 964 612 obligatione
1013 518 1285 600 liberam
1334 531 1468 587 non
1507 523 1681 587 enim
1731 502 2133 587 conductoris
2185 521 2268 589 ad
2318 526 2516 591 instar
2562 548 2692 617 pro

573 632 997 728 percipiendis
1043 633 1353 700 fructibus
1400 659 1612 703 canon
1653 634 1809 703 solvi
1857 634 2017 701 solet
2050 687 2068 716 ,
2117 636 2228 704 sed
2270 639 2340 704 in'
2380 641 2695 732 recogni—

578 752 819 816 tionem
863 747 1133 814 dominii
1171 746 1389 814 alieni.
1451 745 1670 814 Plures
1722 746 1909 814 fundi
1951 749 2275 843 vectigalis
2314 775 2698 842 possessores
2778 747 2782 750 V

578 864 661 931 de
704 867 1005 957 pensione
1049 862 1399 956 praestanda
1442 865 1512 928 in
1547 861 1822 929 solidum
1865 866 2194 931 conveniri
2239 878 2501 957 possunt
2540 871 2689 950 (1).

656 979 825 1062 341.
864 1003 919 1045 e.
983 977 1265 1068 Quando
1322 977 1799 1069 emphytheusis
1860 976 2171 1045 alienatur
2210 1032 2227 1060 ‚
2289 1003 2491 1048 novus
2544 1005 2697 1046 em-

584 1094 891 1187 phyteuta
938 1094 1537 1185 quinquagesimam
1590 1105 1839 1184 partem
1889 1095 2083 1185 pretii
2128 1093 2225 1162 vel
2243 1097 2702 1161 =.aestimationis

586 1208 712 1275 loci
748 1207 1010 1273 domino
1064 1207 1248 1273 sundi
1298 1206 1539 1273 solvere
1580 1206 1769 1273 dehet
1815 1216 1836 1293 (
1855 1208 2029 1299 quod
2063 1207 2256 1275 hodie
2290 1207 2692 1275 laudemium

587 1348 815 1390 vocare
839 1321 1085 1405 solent)
1132 1301 1174 1407 ⁴(
1202 1350 1239 1389 2
1267 1328 1310 1405 ).
1368 1323 1605 1387 Parum
1663 1320 1854 1390 refert
1917 1323 1989 1386 in
2052 1321 2176 1389 hac
2260 1321 2655 1413 obligatione
2677 1372 2693 1401 ,

589 1436 955 1504 venditione
977 1487 994 1517 ‚
1022 1427 1362 1503 donatione
1385 1488 1400 1516 ,
1437 1433 1519 1501 an
1545 1434 1754 1526 legato
1788 1434 2084 1503 alienatio
2126 1435 2241 1502 fiat
2271 1460 2292 1518 ·,
2327 1436 2509 1501 heres
2539 1458 2699 1501 vero

588 1547 890 1614 laudemii
936 1550 1334 1640 praestatione
1392 1548 1749 1614 onerandus
1807 1572 1942 1614 non
1992 1560 2086 1614 est
2129 1598 2147 1627 ‚
2199 1571 2358 1613 cum
2409 1546 2702 1614 defuncti

590 1663 733 1729 loco
784 1665 882 1728 sit.
934 1664 1233 1736 Rescissa
1263 1662 1560 1727 alienatio
1611 1660 1771 1727 illud
1818 1660 2283 1728 restituendum
2337 1686 2464 1727 esse
2509 1685 2701 1727 eom-

593 1777 809 1844 munis
850 1776 1009 1863 jur-is
1046 1778 1210 1843 ratio
1251 1778 1561 1869 praecipit.
1607 1777 1831 1868 Neque
1877 1789 2086 1867 potest
2128 1776 2355 1868 praedii
2403 1775 2703 1845 dominus

590 1888 1041 1957 alienationem
1095 1888 1402 1981 impedire
1429 1942 1446 1969 ‚
1505 1891 1627 1955 nisi
1688 1889 1859 1981 apud
1914 1913 2160 1958 novum
2215 1890 2703 1982 emphyteutam

596 2003 758 2071 illud
802 2002 1077 2070 deterius
1114 2003 1410 2074 futurum
1450 2004 1813 2098 probaverit
1844 2055 1861 2084 ,
1919 2003 2022 2072 vel
2056 2029 2206 2073 cum
2248 2005 2355 2073 hic
2398 2004 2703 2073 solvendo

597 2117 862 2207 idoneus
915 2143 1048 2185 non
1077 2121 1158 2185 sit
1204 2119 1348 2203 (3).

687 2232 982 2324 Denique
1028 2232 1080 2297 si
1119 2234 1260 2323 quis
1296 2231 1744 2324 emphyteusin
1778 2228 1932 2299 velit
1981 2232 2255 2300 vendere
2274 2286 2293 2314 ‚
2346 2233 2704 2327 significare

598 2349 770 2416 istud
823 2348 1088 2416 domino
1136 2346 1325 2414 debet
1352 2400 1368 2428 ,
1418 2370 1536 2414 nec
1582 2371 1717 2413 non
1749 2346 2039 2438 pretium
2080 2349 2162 2415 ab
2209 2348 2336 2416 alio
2368 2347 2698 2429 oblatum,

601 2467 920 2556 habetque
944 2463 1240 2530 dominus
1276 2464 1327 2529 si
1359 2487 1567 2529 emere
1610 2459 1794 2540 velit,
1830 2473 1895 2527 et
1921 2461 2314 2530 voluntatem
2342 2467 2513 2532 intra
2537 2456 2702 2531 'duos

605 2604 847 2648 menses
888 2578 1164 2646 declaret
1182 2627 1200 2657 ‚
1239 2581 1334 2661 jus
1368 2607 1722 2662 mmmmm-
1754 2580 1776 2663 (
1789 2575 1827 2660 4
1843 2581 1891 2660 ).

767 2738 795 2822 §
841 2734 955 2800 IV.
1008 2730 1581 2823 Quemadmodum
1628 2726 2070 2822 emphyteusis·
2113 2726 2543 2797 constituitur.

702 2897 850 2982 342.
899 2895 1329 2965 Constituitut·
1375 2894 1808 2987 emphyteusis
1853 2896 2136 2987 proprio¹
2161 2905 2534 2997 contractu,
2596 2895 2706 2985 qui

611 3011 1215 3106 emphyteuticarius
1233 3006 1425 3075 hodie
1453 3020 1738 3086 vocatur,
1764 3020 1931 3077 etex
1961 3006 2235 3076 Zenonis
2263 3012 2709 3079 constitutione

612 3153 821 3221 neque
875 3124 1197 3207 venditi0‚
1268 3150 1476 3220 neque
1526 3124 1764 3194 locatio
1808 3126 2040 3193 haberi.
2087 3125 2316 3193 debet‘
2345 3125 2479 3214 (5).

699 3401 810 3482 (ι)
850 3401 920 3460 L.
959 3421 993 3482 7
1039 3420 1131 3481 pr.
1159 3446 1176 3475 ,
1222 3399 1302 3461 D.
1357 3418 1470 3475 10,
1510 3397 1592 3474 3,
1639 3386 2016 3479 (communi
2044 3396 2469 3491 dividundo).

700 3514 807 3587 (2)
849 3508 919 3565 L.
963 3507 1000 3565 3
1045 3506 1114 3565 c.
1160 3505 1228 3564 h.
1276 3516 1321 3565 t.

702 3615 811 3698 (3)
852 3614 999 3695 Arg.
1028 3610 1074 3673 l.
1116 3615 1152 3674 3
1204 3611 1275 3672 C.
1314 3610 1379 3672 h.
1423 3622 1472 3673 t.
1506 3611 1728 3690 initi03
1771 3609 1816 3671 l.
1865 3634 1899 3696 7
1949 3610 2019 3673 C.
2046 3614 2155 3688 Π,
2195 3610 2270 3673 61
2299 3657 2323 3691 ‚
2357 3611 2479 3692 (de
2505 3611 2719 3674 fundis

620 3719 1110 3812 patrimonialib.
1138 3727 1196 3799 ).

711 3829 810 3911 (4)
855 3828 923 3891 L.
966 3828 1002 3887 3
1057 3826 1299 3915 C.cit.‘‚
1351 3824 1419 3885 in
1463 3822 1510 3886 f.
2117 3912 2122 3921 ,

710 3935 808 4015 (5)
859 3937 929 3997 L.
981 3955 1001 3993 1
1059 3932 1128 3993 C.
1179 3933 1245 3993 h.
1299 3943 1393 4003 t.‚
1439 3930 1468 4014 §
1509 3933 1545 3992 3
1582 3978 1600 4007 ,
1650 3932 1716 3992 in
1757 3932 1844 4007 f.‚
1885 3933 1937 3992 1.
1979 3933 2057 4010 3,
2104 3928 2229 4012 οἷς
2280 3930 2431 3993 olim
2493 3930 2729 3994 locatio

618 4055 760 4109 erat
797 4043 903 4107 hic
948 4050 1346 4129 contractu83
1387 4038 1527 4121 Gaj.
1572 4038 1703 4117 111,
1744 4036 1773 4120 ς
1832 4035 1972 4116 ι45.
