2893 4778
995 354 1527 404 IN'TRODUC'PIO.
2212 356 2247 404 2
2269 361 2292 404 1

210 477 654 542 conveniebant
683 528 699 554 ,
753 473 853 543 vel
909 477 978 540 in
1009 476 1490 543 desuetudinem
1527 480 1811 545 abierant
1868 484 1889 564 (
1910 504 1928 544 1
1953 486 2001 565 ).
2074 478 2304 545 Edicta

209 607 404 661 autem
443 594 534 658 ita
582 605 766 659 erant
821 592 1109 660 ordinata
1141 646 1157 671 ‚
1204 607 1277 661 ut
1322 596 1682 663 brevissime
1717 611 2012 687 praetores
2052 597 2303 663 indica—

207 722 367 786 rent,
406 710 641 799 quibus
686 711 754 772 in
794 711 992 773 causis
1036 712 1354 775 actionem
1377 763 1392 789 ‚
1430 718 1869 801 exceptionem
1890 765 1905 793 ‚
1946 712 2048 780 vel
2088 714 2300 779 bono-—

206 848 340 889 rum
390 824 840 912 possessionem
896 820 1121 888 darent
1147 862 1169 900 -,
1221 821 1319 895 vel
1365 815 1776 891 interdictum
1806 876 1823 905 ‚
1878 825 1979 893 vel
2021 830 2089 892 in
2128 829 2301 893 inte—

204 962 382 1033 grum
426 936 897 1000 restitutionem
931 963 947 1015 3
1014 947 1312 1027 praeterea
1362 942 1662 1031 cujusque
1708 941 1800 1003 rei
1852 939 2107 1031 agendae
2160 941 2301 1005 for-—

208 1051 430 1116 mulam
489 1062 934 1129 annotarunt3
999 1063 1070 1116 ut
1129 1050 1400 1140 quilibet
1460 1058 1646 1116 sciret
1676 1102 1690 1130 ‚
1750 1075 1877 1142 quo
1929 1054 1998 1116 in
2046 1076 2189 1119 casu
2238 1036 2334 1118 et*

210 1189 321 1255 quo
355 1163 552 1228 modo
584 1176 881 1254 praetores
907 1163 1078 1228 adire
1115 1163 1372 1231 deberet
1408 1170 1515 1248 (2).
1544 1165 1686 1229 Mos
1716 1165 2003 1230 edicendi
2035 1168 2300 1256 septimo

208 1279 367 1343 urbis
405 1279 630 1343 Romae
671 1276 898 1342 saeculo
934 1291 1224 1368 receptus
1262 1303 1388 1343 esse
1435 1278 1690 1344 videtur
1719 1325 1745 1357 2
1802 1291 1867 1344 et
1905 1292 2304 1344 conservatus

210 1391 395 1457 donec
448 1389 909 1481 perfectissimo
951 1390 1171 1457 edicto·
1207 1406 1270 1458 et
1325 1394 1627 1458 Romanis
1667 1395 1851 1459 rebus
1896 1393 2256 1459 labentibus
2286 1445 2301 1471 ‚

212 1521 488 1597 praetores
546 1530 713 1572 nova
771 1507 1016 1573 edicere
1082 1521 1408 1577 cessarent.
1481 1510 1755 1575 Diversis
1820 1510 2211 1601 temporibus
2265 1533 2301 1572 a

210 1619 658 1708 jurisconsultis
708 1623 767 1686 ei
817 1623 908 1686 rei
957 1645 1216 1713 operam
1258 1624 1635 1689 navantibus
1661 1674 1677 1701 ‚
1734 1622 1936 1688 edicta
1986 1626 2053 1686 iu
2091 1634 2303 1686 totum

215 1748 483 1801 correcta
531 1748 682 1801 sunt
735 1735 823 1818 (3)
873 1763 888 1799 z
943 1735 1247 1822 ejusmodi
1303 1737 1660 1829 emendatio
1703 1761 1953 1827 quoque
2000 1737 2117 1801 sub
2162 1737 2304 1799 Ha-

215 1850 457 1930 drian0‚
486 1852 678 1938 hujus
721 1851 1092 1915 auctoritate
1131 1877 1166 1915 a
1213 1851 1651 1937 jurisconsulto
1682 1850 1936 1916 Juliano
1977 1850 2140 1916 facta
2177 1873 2303 1914 esse
2375 1834 2378 1838 ¹

216 1965 503 2045 videtur3
555 1989 752 2055 quam
789 1987 938 2029 vero
975 1964 1252 2055 vulgaris
1290 1966 1510 2054 opinio
1549 1967 1680 2029 sine
1723 1970 1885 2052 justa
1933 1969 2177 2029 ratione
2215 1966 2304 2028 ita

218 2080 610 2170 interpretari
643 2079 1000 2155 consuevit,
1022 2090 1098 2142 ut
1131 2078 1533 2143 Hadrianum
1566 2078 1637 2143 E
1639 2062 1805 2143 dicti
1815 2083 2303 2170 perpetuz'novo

216 2193 462 2255 nomine
493 2188 958 2253 immutabilem
985 2191 1137 2273 juris
1158 2190 1358 2258 civilis
1386 2193 1565 2280 quasi
1591 2189 1883 2255 codicem
1919 2189 2004 2274 (4)
2039 2192 2306 2255 sanxisse

216 2337 508 2350 -ae—Q—

291 2414 399 2490 (1)
443 2412 660 2470 Cicero
710 2410 788 2470 de
841 2411 1085 2472 Invent.
1128 2411 1208 2470 ΙΙ.
1258 2403 1363 2471 ἀα.
1424 2414 1523 2491 ius
1568 2410 1781 2470 edictis
1828 2422 2185 2470 contentum
2239 2431 2308 2469 ex

217 2519 483 2577 moribus
527 2527 836 2577 vetustate
883 2517 1299 2599 comprobatis
1341 2518 1735 2598 desumptum
1777 2516 1952 2576 dicit.

293 2627 402 2703 (2)
443 2624 633 2683 Ever.
685 2623 942 2704 Dupont
971 2625 1446 2704 Disquisitiones
1486 2626 1552 2686 in
1593 2624 1710 2683 lib.
1748 2622 1855 2682 IV.
1889 2623 2029 2705 Gaji
2055 2670 2071 2695 ‚
2108 2621 2306 2703 Lugd-

217 2729 346 2789 Bat.
372 2728 528 2789 1822
550 2727 668 2802 ,80.
694 2776 711 2803 ‚
730 2751 792 2809 p.
812 2726 913 2789 68.
943 2730 1393 2789 Commentatio
1411 2729 1538 2789 haec
1563 2730 1813 2810 praemio
1834 2739 2051 2787 ornata
2068 2728 2315 2787 abUni-

216 2838 505 2896 versitate
529 2835 854 2896 Leodiensi
876 2881 893 2904 ,
926 2837 992 2894 in
1021 2834 1209 2916 hujus
1240 2835 1589 2908 Annalibus
1607 2833 1928 2895 anni-1821
1969 2835 2309 2893 invenitur.

297 2944 399 3022 (3)
443 2940 664 3000 Veluti
718 2962 754 2999 a
805 2942 1020 3001 Servio
1080 2940 1404 3022 Sulpitio,
1466 2941 1659 3001 Ofilio
1703 2988 1721 3017 ‚
1779 2941 2010 3000 Sabino
2044 2988 2059 3016 ‚
2117 2941 2316 3021 Cajo3

221 3052 359 3111 vide
399 3048 590 3134 Bach.
635 3047 681 3108 l.
733 3048 861 3130 c.·§
910 3048 1001 3109 16.
1040 3048 1086 3109 l.
1134 3070 1191 3108 2.
1228 3061 1251 3130 9
1296 3047 1395 3126 44.
1439 3050 1515 3107 D.
1567 3070 1618 3111 1.
1663 3070 1720 3108 α.
1770 3048 1882 3127 (de
1909 3049 2020 3108 Or.
2066 3051 2223 3128 jur.)

300 3154 403 3233 (4)
445 3155 558 3215 Est
588 3154 717 3214 haec
754 3154 1288 3242 vehementissima
1319 3157 1482 3214 inter
1510 3154 1836 3214 historicos
1858 3153 2273 3228 controversia
2301 3200 2317 3226 ,

220 3271 279 3321 et
326 3261 509 3321 multi
562 3262 965 3321 recentissimi
1025 3263 1395 3342 script01·e5‚
1466 3262 1749 3342 quamvis
1804 3281 1899 3321 res
1943 3262 2186 3342 optime
2243 3261 2326 3317 sit

225 3366 531 3436 elucidata
554 3415 571 3442 ,
602 3378 871 3428 veterem
895 3388 1166 3430 errorem
1193 3369 1386 3431 variis
1414 3366 1762 3427 rationibus
1786 3367 1938 3427 moti
1957 3375 2321 3448 sequuntur.

225 3473 368 3533 vid.
421 3474 501 3534 de
549 3475 862 3550 communi
906 3474 1198 3556 opinione
1243 3472 1433 3534 Bach.
1477 3472 1591 3534 lib.
1636 3473 1735 3532 III.
1779 3494 1833 3534 c.
1874 3474 1954 3532 ΙΙ.
2005 3474 2165 3533 Sect.
2215 3470 2325 3531 lv.

225 3582 481 3642 Berriat
535 3581 844 3641 Sc.-Prix
868 3620 893 3655 ,
962 3603 1026 3661 p.
1096 3579 1198 3640 68.
1261 3582 1456 3639 Revue
1514 3571 2031 3663 encyclope'diqae
2065 3625 2082 3652 ‚
2129 3575 2277 3636 1822
2301 3617 2326 3649 ,

225 3687 354 3745 vol.
406 3690 476 3747 13
505 3728 531 3761 ,
592 3709 652 3768 p.
708 3687 847 3768 572.
922 3688 1244 3747 Veriorem
1295 3684 1483 3765 hujus
1543 3686 1633 3743 rei
1690 3666 2144 3766 expositionem*
2192 3680 2330 3740 vide

227 3794 391 3873 apud
449 3792 818 3875 Hugonem,
890 3792 917 3873 §
986 3790 1126 3853 31'1.
1194 3792 1262 3851 C.
1322 3792 1394 3850 F.
1458 3790 1817 3871 Mackeldey
1852 3836 1866 3864 ‚
1925 3788 2144 3867 Comp.
2206 3790 2330 3867 jur.

229 3899 410 3959 Rom.
471 3899 544 3982 Μ’
606 3897 830 3982 39-40.
884 3899 979 3958 ed‘.
1032 3898 1126 3980 4⁸.
1194 3898 1364 3959 1822.
1428 3899 1695 3980 Optime*
1727 3898 1838 3956 ‚hic
1878 3908 2092 3968 auctor
2140 3896 2336 3959 Salvii

231 4004 463 4065 Juliani
498 4006 993 4067 emendationem
1034 4005 1217 4065 edicti
1259 4003 1545 4088 explicat.
1592 4005 1854 4086 Scripsit
1880 4004 1957 4064 de
1986 4003 2102 4065 hac
2132 4024 2337 4086 quaes-

238 4113 407 4174 tione
443 4113 593 4176 clar.
651 4115 876 4174 Biener
897 4152 923 4188 ,
961 4123 1091 4174 not.
1145 4134 1166 4174 1
1200 4160 1216 4189 ,
1262 4133 1399 4194 pag.
1445 4132 1515 4171 αι
1548 4159 1564 4186 ,
1603 4129 1786 4195 supra
1825 4108 2129 4174 laudatus.
