<?xml version="1.0" encoding="UTF-8"?>
<!DOCTYPE html PUBLIC "-//W3C//DTD XHTML 1.0 Transitional//EN"
    "http://www.w3.org/TR/xhtml1/DTD/xhtml1-transitional.dtd">
<html xmlns="http://www.w3.org/1999/xhtml" xml:lang="en" lang="en">
 <head>
  <title>
</title>
<meta http-equiv="Content-Type" content="text/html;charset=utf-8" />
  <meta name='ocr-system' content='tesseract 3.04.00' />
  <meta name='ocr-capabilities' content='ocr_page ocr_carea ocr_par ocr_line ocrx_word'/>
</head>
<body>
  <div class='ocr_page' id='page_1' title='image "./commentariijuri00warngoog/commentariijuri00warngoog_0212.png"; bbox 0 0 2893 4778; ppageno 0'>
   <div class='ocr_carea' id='block_1_1' title="bbox 565 283 2364 399">
    <p class='ocr_par' dir='ltr' id='par_1_1' title="bbox 565 283 2364 399">
     <span class='ocr_line' id='line_1_1' title="bbox 565 283 2364 399; baseline -0.003 -27"><span class='ocrx_word' id='word_1_1' title='bbox 565 283 702 399; x_wconf 64' lang='lat'><strong>¹92</strong></span> <span class='ocrx_word' id='word_1_2' title='bbox 887 314 1402 370; x_wconf 67' lang='lat' dir='ltr'><strong>commem-aun</strong></span> <span class='ocrx_word' id='word_1_3' title='bbox 1451 316 1654 367; x_wconf 74' lang='lat' dir='ltr'><strong>sums</strong></span> <span class='ocrx_word' id='word_1_4' title='bbox 1706 316 1991 369; x_wconf 70' lang='lat' dir='ltr'><strong>nomm</strong></span> <span class='ocrx_word' id='word_1_5' title='bbox 2040 318 2364 371; x_wconf 77' lang='lat' dir='ltr'><strong>ram-n.</strong></span> 
     </span>
    </p>
   </div>
   <div class='ocr_carea' id='block_1_2' title="bbox 471 438 2685 1337">
    <p class='ocr_par' dir='ltr' id='par_1_2' title="bbox 471 438 2685 990">
     <span class='ocr_line' id='line_1_2' title="bbox 554 438 2685 538; baseline 0.001 -24"><span class='ocrx_word' id='word_1_6' title='bbox 554 443 775 538; x_wconf 89' lang='lat' dir='ltr'><strong>opinio</strong></span> <span class='ocrx_word' id='word_1_7' title='bbox 826 455 1086 536; x_wconf 77' lang='lat' dir='ltr'><strong>gravata</strong></span> <span class='ocrx_word' id='word_1_8' title='bbox 1139 452 1235 510; x_wconf 82' lang='lat' dir='ltr'><strong>est</strong></span> <span class='ocrx_word' id='word_1_9' title='bbox 1258 490 1279 522; x_wconf 82' lang='grc'><em>,</em></span> <span class='ocrx_word' id='word_1_10' title='bbox 1342 438 1623 535; x_wconf 86' lang='lat' dir='ltr'><strong>denique</strong></span> <span class='ocrx_word' id='word_1_11' title='bbox 1663 442 1779 534; x_wconf 89' lang='lat' dir='ltr'><strong>qui</strong></span> <span class='ocrx_word' id='word_1_12' title='bbox 1820 439 1977 511; x_wconf 80' lang='lat' dir='ltr'><strong>levis</strong></span> <span class='ocrx_word' id='word_1_13' title='bbox 2022 455 2194 512; x_wconf 77' lang='lat' dir='ltr'><strong>notae</strong></span> <span class='ocrx_word' id='word_1_14' title='bbox 2232 441 2486 513; x_wconf 74' lang='lat' dir='ltr'><strong>macula</strong></span> <span class='ocrx_word' id='word_1_15' title='bbox 2540 449 2685 518; x_wconf 77' lang='lat' dir='ltr'><strong>affi‘-</strong></span> 
     </span>
     <span class='ocr_line' id='line_1_3' title="bbox 555 551 2683 653; baseline 0.001 -29"><span class='ocrx_word' id='word_1_16' title='bbox 555 559 836 624; x_wconf 86' lang='lat' dir='ltr'><strong>ciuntur.</strong></span> <span class='ocrx_word' id='word_1_17' title='bbox 895 553 1301 628; x_wconf 79' lang='lat' dir='ltr'><strong>Existimatio</strong></span> <span class='ocrx_word' id='word_1_18' title='bbox 1351 554 1532 623; x_wconf 84' lang='lat' dir='ltr'><strong>enim</strong></span> <span class='ocrx_word' id='word_1_19' title='bbox 1585 551 1696 621; x_wconf 81' lang='lat' dir='ltr'><strong>illa</strong></span> <span class='ocrx_word' id='word_1_20' title='bbox 1713 603 1732 634; x_wconf 89' lang='lat'>,</span> <span class='ocrx_word' id='word_1_21' title='bbox 1792 579 1936 648; x_wconf 83' lang='lat' dir='ltr'><strong>quae</strong></span> <span class='ocrx_word' id='word_1_22' title='bbox 1989 554 2291 651; x_wconf 77' lang='lat' dir='ltr'><strong>dignitati</strong></span> <span class='ocrx_word' id='word_1_23' title='bbox 2346 555 2538 653; x_wconf 73' lang='lat' dir='ltr'><strong>probi</strong></span> <span class='ocrx_word' id='word_1_24' title='bbox 2612 576 2683 632; x_wconf 85' lang='lat' dir='ltr'><strong>et</strong></span> 
     </span>
     <span class='ocr_line' id='line_1_4' title="bbox 552 666 2679 766; baseline 0.002 -28"><span class='ocrx_word' id='word_1_25' title='bbox 552 671 806 739; x_wconf 86' lang='lat' dir='ltr'><strong>honesti</strong></span> <span class='ocrx_word' id='word_1_26' title='bbox 866 670 991 738; x_wconf 82' lang='lat' dir='ltr'><strong>viri</strong></span> <span class='ocrx_word' id='word_1_27' title='bbox 1049 673 1166 754; x_wconf 86' lang='lat' dir='ltr'><strong>(ut</strong></span> <span class='ocrx_word' id='word_1_28' title='bbox 1206 668 1473 759; x_wconf 81' lang='lat' dir='ltr'><strong>quisque</strong></span> <span class='ocrx_word' id='word_1_29' title='bbox 1499 717 1520 748; x_wconf 91' lang='lat'>‚</span> <span class='ocrx_word' id='word_1_30' title='bbox 1590 666 1798 735; x_wconf 87' lang='lat' dir='ltr'><strong>donec</strong></span> <span class='ocrx_word' id='word_1_31' title='bbox 1850 672 2263 746; x_wconf 51' lang='lat' dir='ltr'><strong>¹eontrarium</strong></span> <span class='ocrx_word' id='word_1_32' title='bbox 2319 676 2679 766; x_wconf 55' lang='lat' dir='ltr'><strong>probam-²,</strong></span> 
     </span>
     <span class='ocr_line' id='line_1_5' title="bbox 549 782 2675 882; baseline 0.003 -28"><span class='ocrx_word' id='word_1_33' title='bbox 549 786 998 882; x_wconf 65' lang='lat' dir='ltr'><strong>praesumitur)</strong></span> <span class='ocrx_word' id='word_1_34' title='bbox 1057 783 1142 870; x_wconf 83' lang='lat' dir='ltr'><strong>ab</strong></span> <span class='ocrx_word' id='word_1_35' title='bbox 1185 784 1485 852; x_wconf 87' lang='lat' dir='ltr'><strong>omnibus</strong></span> <span class='ocrx_word' id='word_1_36' title='bbox 1516 782 1786 854; x_wconf 80' lang='lat' dir='ltr'><strong>debetur</strong></span> <span class='ocrx_word' id='word_1_37' title='bbox 1836 788 1960 875; x_wconf 81' lang='grc' dir='ltr'><strong>(ι)</strong></span> <span class='ocrx_word' id='word_1_38' title='bbox 2013 786 2194 872; x_wconf 80' lang='lat' dir='ltr'><strong>(vide</strong></span> <span class='ocrx_word' id='word_1_39' title='bbox 2232 813 2297 855; x_wconf 88' lang='lat' dir='ltr'><strong>n.</strong></span> <span class='ocrx_word' id='word_1_40' title='bbox 2348 789 2434 855; x_wconf 81' lang='lat'><strong>33</strong></span> <span class='ocrx_word' id='word_1_41' title='bbox 2475 791 2675 881; x_wconf 79' lang='lat' dir='ltr'><strong>inf.)</strong></span> 
     </span>
     <span class='ocr_line' id='line_1_6' title="bbox 471 897 2506 990; baseline 0.002 -19"><span class='ocrx_word' id='word_1_42' title='bbox 471 939 476 950; x_wconf 77' lang='lat'>=</span> <span class='ocrx_word' id='word_1_43' title='bbox 547 928 632 971; x_wconf 84' lang='lat' dir='ltr'><strong>ex</strong></span> <span class='ocrx_word' id='word_1_44' title='bbox 673 900 843 969; x_wconf 85' lang='lat' dir='ltr'><strong>facto</strong></span> <span class='ocrx_word' id='word_1_45' title='bbox 881 897 1217 989; x_wconf 86' lang='lat' dir='ltr'><strong>cujuslibet</strong></span> <span class='ocrx_word' id='word_1_46' title='bbox 1254 911 1366 965; x_wconf 86' lang='lat' dir='ltr'><strong>aut</strong></span> <span class='ocrx_word' id='word_1_47' title='bbox 1399 899 1801 968; x_wconf 84' lang='lat' dir='ltr'><strong>consumitur</strong></span> <span class='ocrx_word' id='word_1_48' title='bbox 1833 911 1946 968; x_wconf 82' lang='lat' dir='ltr'><strong>aut</strong></span> <span class='ocrx_word' id='word_1_49' title='bbox 1983 903 2302 971; x_wconf 81' lang='lat' dir='ltr'><strong>minuitur</strong></span> <span class='ocrx_word' id='word_1_50' title='bbox 2341 907 2424 990; x_wconf 90' lang='grc'><strong>(2</strong></span> <span class='ocrx_word' id='word_1_51' title='bbox 2451 909 2506 989; x_wconf 81' lang='grc'><strong>),</strong></span> 
     </span>
    </p>

    <p class='ocr_par' dir='ltr' id='par_1_3' title="bbox 548 999 2676 1337">
     <span class='ocr_line' id='line_1_7' title="bbox 645 999 2676 1112; baseline 0.001 -29"><span class='ocrx_word' id='word_1_52' title='bbox 645 1014 1065 1086; x_wconf 83' lang='lat' dir='ltr'><strong>Consumitur</strong></span> <span class='ocrx_word' id='word_1_53' title='bbox 1089 1035 1314 1080; x_wconf 89' lang='lat' dir='ltr'><strong>eorum</strong></span> <span class='ocrx_word' id='word_1_54' title='bbox 1344 1010 1515 1079; x_wconf 80' lang='lat' dir='ltr'><strong>fama</strong></span> <span class='ocrx_word' id='word_1_55' title='bbox 1550 1024 1617 1081; x_wconf 90' lang='lat' dir='ltr'><strong>et</strong></span> <span class='ocrx_word' id='word_1_56' title='bbox 1649 1013 1862 1081; x_wconf 86' lang='lat' dir='ltr'><strong>honor</strong></span> <span class='ocrx_word' id='word_1_57' title='bbox 1879 1064 1896 1095; x_wconf 93' lang='lat'>,</span> <span class='ocrx_word' id='word_1_58' title='bbox 1948 1016 2063 1107; x_wconf 88' lang='lat' dir='ltr'><strong>qui</strong></span> <span class='ocrx_word' id='word_1_59' title='bbox 2106 1041 2416 1110; x_wconf 81' lang='lat' dir='ltr'><strong>magnam</strong></span> <span class='ocrx_word' id='word_1_60' title='bbox 2444 999 2676 1112; x_wconf 78' lang='lat' dir='ltr'><strong>eapitis</strong></span> 
     </span>
     <span class='ocr_line' id='line_1_8' title="bbox 549 1125 2674 1226; baseline 0.002 -30"><span class='ocrx_word' id='word_1_61' title='bbox 549 1127 1058 1197; x_wconf 86' lang='lat' dir='ltr'><strong>deminutionem</strong></span> <span class='ocrx_word' id='word_1_62' title='bbox 1092 1125 1255 1222; x_wconf 84' lang='lat' dir='ltr'><strong>passi</strong></span> <span class='ocrx_word' id='word_1_63' title='bbox 1288 1137 1484 1210; x_wconf 81' lang='lat' dir='ltr'><strong>sunt3</strong></span> <span class='ocrx_word' id='word_1_64' title='bbox 1520 1125 1840 1196; x_wconf 87' lang='lat' dir='ltr'><strong>minuitur</strong></span> <span class='ocrx_word' id='word_1_65' title='bbox 1860 1129 2214 1221; x_wconf 84' lang='lat' dir='ltr'><strong>praesertim</strong></span> <span class='ocrx_word' id='word_1_66' title='bbox 2243 1153 2471 1200; x_wconf 87' lang='lat' dir='ltr'><strong>eorum</strong></span> <span class='ocrx_word' id='word_1_67' title='bbox 2492 1182 2511 1214; x_wconf 93' lang='lat'>‚</span> <span class='ocrx_word' id='word_1_68' title='bbox 2552 1133 2674 1226; x_wconf 87' lang='lat' dir='ltr'><strong>qui</strong></span> 
     </span>
     <span class='ocr_line' id='line_1_9' title="bbox 548 1237 1875 1337; baseline -0.004 -24"><span class='ocrx_word' id='word_1_69' title='bbox 548 1271 633 1318; x_wconf 78' lang='lat' dir='ltr'><strong>ex</strong></span> <span class='ocrx_word' id='word_1_70' title='bbox 674 1244 962 1337; x_wconf 85' lang='lat' dir='ltr'><strong>legitima</strong></span> <span class='ocrx_word' id='word_1_71' title='bbox 1002 1263 1187 1307; x_wconf 85' lang='lat' dir='ltr'><strong>eausa</strong></span> <span class='ocrx_word' id='word_1_72' title='bbox 1225 1237 1492 1305; x_wconf 85' lang='lat' dir='ltr'><strong>infames</strong></span> <span class='ocrx_word' id='word_1_73' title='bbox 1524 1250 1675 1307; x_wconf 86' lang='lat' dir='ltr'><strong>sunt</strong></span> <span class='ocrx_word' id='word_1_74' title='bbox 1699 1238 1875 1308; x_wconf 84' lang='lat' dir='ltr'><strong>facti.</strong></span> 
     </span>
    </p>
   </div>
   <div class='ocr_carea' id='block_1_3' title="bbox 644 1350 2682 1447">
    <p class='ocr_par' dir='ltr' id='par_1_4' title="bbox 644 1350 2682 1447">
     <span class='ocr_line' id='line_1_10' title="bbox 644 1350 2682 1447; baseline 0.001 -19"><span class='ocrx_word' id='word_1_75' title='bbox 644 1358 754 1445; x_wconf 86' lang='grc'><strong>46.</strong></span> <span class='ocrx_word' id='word_1_76' title='bbox 797 1355 1071 1424; x_wconf 78' lang='lat' dir='ltr'><strong>Infamia</strong></span> <span class='ocrx_word' id='word_1_77' title='bbox 1110 1352 1228 1441; x_wconf 85' lang='lat'><strong>(3)</strong></span> <span class='ocrx_word' id='word_1_78' title='bbox 1269 1352 1468 1446; x_wconf 84' lang='lat' dir='ltr'><strong>vulgo</strong></span> <span class='ocrx_word' id='word_1_79' title='bbox 1498 1350 1741 1447; x_wconf 85' lang='lat' dir='ltr'><strong>duplex</strong></span> <span class='ocrx_word' id='word_1_80' title='bbox 1767 1378 1894 1422; x_wconf 65' lang='lat' dir='ltr'><strong>eme</strong></span> <span class='ocrx_word' id='word_1_81' title='bbox 1935 1354 2177 1446; x_wconf 72' lang='lat' dir='ltr'><strong>dieitur</strong></span> <span class='ocrx_word' id='word_1_82' title='bbox 2199 1408 2217 1440; x_wconf 89' lang='lat'>‚</span> <span class='ocrx_word' id='word_1_83' title='bbox 2249 1357 2406 1446; x_wconf 81' lang='lat' dir='ltr'><strong>juris</strong></span> <span class='ocrx_word' id='word_1_84' title='bbox 2430 1356 2682 1430; x_wconf 70' lang='lat' dir='ltr'><strong>scilieet&#39;</strong></span> 
     </span>
    </p>
   </div>
   <div class='ocr_carea' id='block_1_4' title="bbox 437 1463 2669 1557">
    <p class='ocr_par' dir='ltr' id='par_1_5' title="bbox 437 1463 2669 1557">
     <span class='ocr_line' id='line_1_11' title="bbox 437 1463 2669 1557; baseline 0.001 -19"><span class='ocrx_word' id='word_1_85' title='bbox 437 1537 440 1538; x_wconf 10' lang='grc' dir='ltr'><em>γ</em></span> <span class='ocrx_word' id='word_1_86' title='bbox 544 1488 611 1543; x_wconf 84' lang='lat' dir='ltr'><strong>et</strong></span> <span class='ocrx_word' id='word_1_87' title='bbox 639 1473 838 1557; x_wconf 86' lang='lat' dir='ltr'><strong>facti,</strong></span> <span class='ocrx_word' id='word_1_88' title='bbox 818 1498 835 1515; x_wconf 92' lang='lat'><strong>·</strong></span> <span class='ocrx_word' id='word_1_89' title='bbox 884 1467 996 1538; x_wconf 84' lang='lat' dir='ltr'><strong>sed</strong></span> <span class='ocrx_word' id='word_1_90' title='bbox 1034 1463 1292 1536; x_wconf 83' lang='lat' dir='ltr'><strong>nonnisi</strong></span> <span class='ocrx_word' id='word_1_91' title='bbox 1337 1466 1446 1533; x_wconf 85' lang='lat' dir='ltr'><strong>illa</strong></span> <span class='ocrx_word' id='word_1_92' title='bbox 1483 1491 1635 1537; x_wconf 80' lang='lat' dir='ltr'><strong>vera</strong></span> <span class='ocrx_word' id='word_1_93' title='bbox 1672 1466 1936 1536; x_wconf 80' lang='lat' dir='ltr'><strong>infamia</strong></span> <span class='ocrx_word' id='word_1_94' title='bbox 1974 1470 2200 1537; x_wconf 85' lang='lat' dir='ltr'><strong>haberi</strong></span> <span class='ocrx_word' id='word_1_95' title='bbox 2238 1470 2448 1540; x_wconf 86' lang='lat' dir='ltr'><strong>debet.</strong></span> <span class='ocrx_word' id='word_1_96' title='bbox 2494 1474 2669 1540; x_wconf 88' lang='lat' dir='ltr'><strong>Des-</strong></span> 
     </span>
    </p>
   </div>
   <div class='ocr_carea' id='block_1_5' title="bbox 543 1581 2669 1920">
    <p class='ocr_par' dir='ltr' id='par_1_6' title="bbox 543 1581 2669 1905">
     <span class='ocr_line' id='line_1_12' title="bbox 545 1581 2669 1715; baseline -0.001 -57"><span class='ocrx_word' id='word_1_97' title='bbox 545 1586 767 1659; x_wconf 72' lang='lat' dir='ltr'><strong>cendit</strong></span> <span class='ocrx_word' id='word_1_98' title='bbox 791 1609 896 1653; x_wconf 82' lang='lat' dir='ltr'><strong>ex</strong></span> <span class='ocrx_word' id='word_1_99' title='bbox 944 1581 1155 1651; x_wconf 85' lang='lat' dir='ltr'><strong>edicto</strong></span> <span class='ocrx_word' id='word_1_100' title='bbox 1198 1582 1487 1676; x_wconf 83' lang='lat' dir='ltr'><strong>praetoris</strong></span> <span class='ocrx_word' id='word_1_101' title='bbox 1540 1593 1651 1649; x_wconf 85' lang='lat' dir='ltr'><strong>aut</strong></span> <span class='ocrx_word' id='word_1_102' title='bbox 1699 1606 1782 1650; x_wconf 84' lang='lat' dir='ltr'><strong>ex</strong></span> <span class='ocrx_word' id='word_1_103' title='bbox 1841 1585 2303 1715; x_wconf 67' lang='lat' dir='ltr'><strong>imperatorum</strong></span> <span class='ocrx_word' id='word_1_104' title='bbox 2343 1588 2669 1655; x_wconf 83' lang='lat' dir='ltr'><strong>constitu-</strong></span> 
     </span>
     <span class='ocr_line' id='line_1_13' title="bbox 546 1697 2667 1796; baseline -0 -26"><span class='ocrx_word' id='word_1_105' title='bbox 546 1701 860 1780; x_wconf 70' lang='lat' dir='ltr'><strong>tionibus,</strong></span> <span class='ocrx_word' id='word_1_106' title='bbox 869 1723 1022 1796; x_wconf 85' lang='lat' dir='ltr'><strong>quo</strong></span> <span class='ocrx_word' id='word_1_107' title='bbox 1048 1700 1186 1787; x_wconf 90' lang='lat' dir='ltr'><strong>jure</strong></span> <span class='ocrx_word' id='word_1_108' title='bbox 1229 1709 1364 1763; x_wconf 87' lang='lat' dir='ltr'><strong>tam</strong></span> <span class='ocrx_word' id='word_1_109' title='bbox 1393 1701 1528 1785; x_wconf 80' lang='lat' dir='ltr'><strong>ejus</strong></span> <span class='ocrx_word' id='word_1_110' title='bbox 1562 1720 1764 1763; x_wconf 81' lang='lat' dir='ltr'><strong>eausae</strong></span> <span class='ocrx_word' id='word_1_111' title='bbox 1801 1720 1998 1789; x_wconf 88' lang='lat' dir='ltr'><strong>quam</strong></span> <span class='ocrx_word' id='word_1_112' title='bbox 2023 1699 2186 1767; x_wconf 82' lang='lat' dir='ltr'><strong>varii</strong></span> <span class='ocrx_word' id='word_1_113' title='bbox 2213 1722 2285 1764; x_wconf 89' lang='lat' dir='ltr'><strong>m</strong></span> <span class='ocrx_word' id='word_1_114' title='bbox 2311 1703 2452 1787; x_wconf 84' lang='lat' dir='ltr'><strong>jure</strong></span> <span class='ocrx_word' id='word_1_115' title='bbox 2486 1697 2667 1771; x_wconf 82' lang='lat' dir='ltr'><strong>civili</strong></span> 
     </span>
     <span class='ocr_line' id='line_1_14' title="bbox 543 1788 2665 1920; baseline -0.002 -33"><span class='ocrx_word' id='word_1_116' title='bbox 543 1819 804 1887; x_wconf 82' lang='lat' dir='ltr'><strong>effectus</strong></span> <span class='ocrx_word' id='word_1_117' title='bbox 852 1788 1270 1881; x_wconf 85' lang='lat' dir='ltr'><strong>definiuntur.</strong></span> <span class='ocrx_word' id='word_1_118' title='bbox 1310 1811 1567 1879; x_wconf 87' lang='lat' dir='ltr'><strong>Horum</strong></span> <span class='ocrx_word' id='word_1_119' title='bbox 1615 1836 1767 1905; x_wconf 80' lang='lat' dir='ltr'><strong>grav</strong></span> <span class='ocrx_word' id='word_1_120' title='bbox 1775 1812 1970 1880; x_wconf 85' lang='lat' dir='ltr'><strong>issimi</strong></span> <span class='ocrx_word' id='word_1_121' title='bbox 2014 1816 2115 1902; x_wconf 78' lang='lat' dir='ltr'><strong>jus</strong></span> <span class='ocrx_word' id='word_1_122' title='bbox 2151 1800 2489 1920; x_wconf 86' lang='lat' dir='ltr'><strong>publicum</strong></span> <span class='ocrx_word' id='word_1_123' title='bbox 2521 1839 2665 1908; x_wconf 84' lang='lat' dir='ltr'><strong>res-</strong></span> 
     </span>
    </p>
   </div>
   <div class='ocr_carea' id='block_1_6' title="bbox 543 1924 2668 2029">
    <p class='ocr_par' dir='ltr' id='par_1_7' title="bbox 415 1924 2668 2029">
     <span class='ocr_line' id='line_1_15' title="bbox 543 1924 2668 2029; baseline -0.002 -26.227"><span class='ocrx_word' id='word_1_124' title='bbox 543 1934 801 2029; x_wconf 82' lang='lat' dir='ltr'><strong>piciunt</strong></span> <span class='ocrx_word' id='word_1_125' title='bbox 861 1930 1005 2019; x_wconf 83' lang='grc'><strong>(4).</strong></span> <span class='ocrx_word' id='word_1_126' title='bbox 1063 1928 1413 2023; x_wconf 80' lang='lat' dir='ltr'><strong>Sequentes</strong></span> <span class='ocrx_word' id='word_1_127' title='bbox 1470 1925 1656 1994; x_wconf 84' lang='lat' dir='ltr'><strong>nohis</strong></span> <span class='ocrx_word' id='word_1_128' title='bbox 1716 1927 1863 1995; x_wconf 84' lang='lat' dir='ltr'><strong>hoe</strong></span> <span class='ocrx_word' id='word_1_129' title='bbox 1911 1924 2056 1997; x_wconf 88' lang='lat' dir='ltr'><strong>loeo</strong></span> <span class='ocrx_word' id='word_1_130' title='bbox 2107 1928 2479 2016; x_wconf 77' lang='lat' dir='ltr'><strong>recensendi</strong></span> <span class='ocrx_word' id='word_1_131' title='bbox 2532 1953 2668 2000; x_wconf 83' lang='lat' dir='ltr'><strong>esse</strong></span> 
     </span>
    </p>
   </div>
   <div class='ocr_carea' id='block_1_7' title="bbox 542 2039 2665 2253">
    <p class='ocr_par' dir='ltr' id='par_1_8' title="bbox 542 2039 2665 2253">
     <span class='ocr_line' id='line_1_16' title="bbox 543 2039 2664 2137; baseline -0.005 -16"><span class='ocrx_word' id='word_1_132' title='bbox 543 2048 916 2121; x_wconf 79' lang='lat' dir='ltr'><strong>videntur.</strong></span> <span class='ocrx_word' id='word_1_133' title='bbox 956 2042 1316 2112; x_wconf 85' lang='lat' dir='ltr'><strong>a.1nfamis</strong></span> <span class='ocrx_word' id='word_1_134' title='bbox 1367 2043 1448 2110; x_wconf 83' lang='lat' dir='ltr'><strong>ab</strong></span> <span class='ocrx_word' id='word_1_135' title='bbox 1491 2042 1790 2109; x_wconf 84' lang='lat' dir='ltr'><strong>omnibus</strong></span> <span class='ocrx_word' id='word_1_136' title='bbox 1830 2039 2252 2137; x_wconf 80' lang='lat' dir='ltr'><strong>dignitatibus</strong></span> <span class='ocrx_word' id='word_1_137' title='bbox 2297 2042 2425 2114; x_wconf 82' lang='lat' dir='ltr'><strong>vel</strong></span> <span class='ocrx_word' id='word_1_138' title='bbox 2436 2044 2664 2112; x_wconf 86' lang='lat' dir='ltr'><strong>hono-</strong></span> 
     </span>
     <span class='ocr_line' id='line_1_17' title="bbox 542 2156 2665 2253; baseline -0.003 -20"><span class='ocrx_word' id='word_1_139' title='bbox 542 2165 722 2234; x_wconf 87' lang='lat' dir='ltr'><strong>ribus</strong></span> <span class='ocrx_word' id='word_1_140' title='bbox 775 2172 1027 2231; x_wconf 80' lang='lat' dir='ltr'><strong>arcetur</strong></span> <span class='ocrx_word' id='word_1_141' title='bbox 1080 2158 1160 2247; x_wconf 83' lang='lat'><strong>(5</strong></span> <span class='ocrx_word' id='word_1_142' title='bbox 1184 2163 1250 2247; x_wconf 83' lang='lat'><strong>)·</strong></span> <span class='ocrx_word' id='word_1_143' title='bbox 1232 2208 1253 2246; x_wconf 88' lang='lat'>‚</span> <span class='ocrx_word' id='word_1_144' title='bbox 1311 2156 1373 2226; x_wconf 85' lang='lat' dir='ltr'><strong>b.</strong></span> <span class='ocrx_word' id='word_1_145' title='bbox 1425 2158 1597 2225; x_wconf 85' lang='lat' dir='ltr'><strong>inter</strong></span> <span class='ocrx_word' id='word_1_146' title='bbox 1642 2156 1877 2226; x_wconf 79' lang='lat' dir='ltr'><strong>milites</strong></span> <span class='ocrx_word' id='word_1_147' title='bbox 1939 2182 2085 2234; x_wconf 91' lang='lat' dir='ltr'><strong>non</strong></span> <span class='ocrx_word' id='word_1_148' title='bbox 2117 2160 2429 2253; x_wconf 77' lang='lat' dir='ltr'><strong>recipitur</strong></span> <span class='ocrx_word' id='word_1_149' title='bbox 2495 2158 2660 2247; x_wconf 83' lang='grc'>(6)·</span> <span class='ocrx_word' id='word_1_150' title='bbox 2638 2207 2665 2247; x_wconf 84' lang='lat'><strong>,</strong></span> 
     </span>
    </p>
   </div>
   <div class='ocr_carea' id='block_1_8' title="bbox 545 2420 2665 2687">
    <p class='ocr_par' dir='ltr' id='par_1_9' title="bbox 545 2420 2665 2624">
     <span class='ocr_line' id='line_1_18' title="bbox 631 2420 2665 2516; baseline -0.003 -23"><span class='ocrx_word' id='word_1_151' title='bbox 631 2431 746 2516; x_wconf 87' lang='lat'><strong>(1)</strong></span> <span class='ocrx_word' id='word_1_152' title='bbox 789 2427 1117 2492; x_wconf 70' lang='lat' dir='ltr'><strong>Vomntur</strong></span> <span class='ocrx_word' id='word_1_153' title='bbox 1160 2424 1232 2487; x_wconf 86' lang='lat' dir='ltr'><strong>hi</strong></span> <span class='ocrx_word' id='word_1_154' title='bbox 1267 2424 1413 2486; x_wconf 89' lang='lat' dir='ltr'><strong>inde</strong></span> <span class='ocrx_word' id='word_1_155' title='bbox 1443 2423 1730 2486; x_wconf 86' lang='lat' dir='ltr'><strong>homines</strong></span> <span class='ocrx_word' id='word_1_156' title='bbox 1768 2425 2022 2507; x_wconf 79' lang='lat' dir='ltr'><strong>integrae</strong></span> <span class='ocrx_word' id='word_1_157' title='bbox 2067 2420 2397 2507; x_wconf 83' lang='lat' dir='ltr'><strong>dignitatis</strong></span> <span class='ocrx_word' id='word_1_158' title='bbox 2423 2468 2444 2502; x_wconf 89' lang='lat'><strong>,</strong></span> <span class='ocrx_word' id='word_1_159' title='bbox 2480 2422 2665 2487; x_wconf 83' lang='lat' dir='ltr'><strong>inte-</strong></span> 
     </span>
     <span class='ocr_line' id='line_1_19' title="bbox 545 2528 2665 2687; baseline -0.003 -87"><span class='ocrx_word' id='word_1_160' title='bbox 545 2560 671 2624; x_wconf 75' lang='lat' dir='ltr'><strong>grae</strong></span> <span class='ocrx_word' id='word_1_161' title='bbox 712 2537 932 2613; x_wconf 82' lang='lat' dir='ltr'><strong>famae,</strong></span> <span class='ocrx_word' id='word_1_162' title='bbox 971 2536 1228 2616; x_wconf 80' lang='lat' dir='ltr'><strong>integrae</strong></span> <span class='ocrx_word' id='word_1_163' title='bbox 1267 2551 1581 2614; x_wconf 72' lang='lat' dir='ltr'><strong>personae,</strong></span> <span class='ocrx_word' id='word_1_164' title='bbox 1621 2532 1850 2615; x_wconf 84' lang='lat' dir='ltr'><strong>integri</strong></span> <span class='ocrx_word' id='word_1_165' title='bbox 1891 2531 2092 2611; x_wconf 88' lang='lat' dir='ltr'><strong>cives,</strong></span> <span class='ocrx_word' id='word_1_166' title='bbox 2131 2528 2366 2615; x_wconf 82' lang='lat' dir='ltr'><strong>quibus</strong></span> <span class='ocrx_word' id='word_1_167' title='bbox 2413 2530 2665 2687; x_wconf 76' lang='lat' dir='ltr'><strong>integer</strong></span> 
     </span>
    </p>
   </div>
   <div class='ocr_carea' id='block_1_9' title="bbox 543 2637 2660 2943">
    <p class='ocr_par' dir='ltr' id='par_1_10' title="bbox 543 2637 2608 2943">
     <span class='ocr_line' id='line_1_20' title="bbox 543 2637 2002 2724; baseline -0.008 -13"><span class='ocrx_word' id='word_1_168' title='bbox 543 2659 743 2711; x_wconf 80' lang='lat' dir='ltr'><strong>status</strong></span> <span class='ocrx_word' id='word_1_169' title='bbox 794 2656 910 2708; x_wconf 84' lang='lat' dir='ltr'><strong>est.</strong></span> <span class='ocrx_word' id='word_1_170' title='bbox 956 2643 1041 2704; x_wconf 89' lang='lat' dir='ltr'><strong>V.</strong></span> <span class='ocrx_word' id='word_1_171' title='bbox 1086 2662 1213 2707; x_wconf 82' lang='lat' dir='ltr'><strong>van</strong></span> <span class='ocrx_word' id='word_1_172' title='bbox 1247 2641 1500 2718; x_wconf 87' lang='lat' dir='ltr'><strong>Geuns,</strong></span> <span class='ocrx_word' id='word_1_173' title='bbox 1550 2637 1599 2703; x_wconf 91' lang='lat' dir='ltr'><strong>l.</strong></span> <span class='ocrx_word' id='word_1_174' title='bbox 1653 2661 1710 2703; x_wconf 89' lang='lat' dir='ltr'><strong>e.</strong></span> <span class='ocrx_word' id='word_1_175' title='bbox 1734 2662 1855 2724; x_wconf 88' lang='lat' dir='ltr'><strong>,p.</strong></span> <span class='ocrx_word' id='word_1_176' title='bbox 1896 2637 2002 2718; x_wconf 84' lang='grc'><strong>84.</strong></span> 
     </span>
     <span class='ocr_line' id='line_1_21' title="bbox 624 2743 2617 2835; baseline -0.005 -20"><span class='ocrx_word' id='word_1_177' title='bbox 624 2743 2617 2835; x_wconf 43' lang='lat' dir='ltr'><strong>(2)1..5p1·.‚§1‚21).50‚13,(decumae-ogast..)</strong></span> 
     </span>
     <span class='ocr_line' id='line_1_22' title="bbox 623 2849 2660 2943; baseline -0.004 -21"><span class='ocrx_word' id='word_1_178' title='bbox 623 2861 765 2943; x_wconf 78' lang='lat'><strong>(3)</strong></span> <span class='ocrx_word' id='word_1_179' title='bbox 806 2855 1144 2919; x_wconf 80' lang='lat' dir='ltr'><strong>Historieas</strong></span> <span class='ocrx_word' id='word_1_180' title='bbox 1191 2853 1272 2937; x_wconf 88' lang='lat' dir='ltr'><strong>de</strong></span> <span class='ocrx_word' id='word_1_181' title='bbox 1331 2853 1593 2916; x_wconf 83' lang='lat' dir='ltr'><strong>infamia</strong></span> <span class='ocrx_word' id='word_1_182' title='bbox 1644 2854 1913 2915; x_wconf 65' lang='lat' dir='ltr'><strong>notitias</strong></span> <span class='ocrx_word' id='word_1_183' title='bbox 1964 2851 2198 2915; x_wconf 84' lang='lat' dir='ltr'><strong>habent</strong></span> <span class='ocrx_word' id='word_1_184' title='bbox 2254 2849 2660 2931; x_wconf 68' lang='lat' dir='ltr'><strong>But-ohardi,</strong></span> 
     </span>
    </p>
   </div>
   <div class='ocr_carea' id='block_1_10' title="bbox 531 2896 2661 3371">
    <p class='ocr_par' dir='ltr' id='par_1_11' title="bbox 531 2896 2661 3260">
     <span class='ocr_line' id='line_1_23' title="bbox 539 2896 2661 3052; baseline -0.003 -23"><span class='ocrx_word' id='word_1_185' title='bbox 539 2966 577 3052; x_wconf 59' lang='grc' dir='ltr'><em>ς</em></span> <span class='ocrx_word' id='word_1_186' title='bbox 626 2964 707 3044; x_wconf 85' lang='grc'><strong>5,</strong></span> <span class='ocrx_word' id='word_1_187' title='bbox 752 2985 876 3028; x_wconf 84' lang='lat' dir='ltr'><strong>van</strong></span> <span class='ocrx_word' id='word_1_188' title='bbox 935 2965 1192 3038; x_wconf 85' lang='lat' dir='ltr'><strong>Geuns,</strong></span> <span class='ocrx_word' id='word_1_189' title='bbox 1253 2982 1320 3045; x_wconf 97' lang='grc' dir='ltr'><strong>Ρ.</strong></span> <span class='ocrx_word' id='word_1_190' title='bbox 1367 2959 1445 3024; x_wconf 86' lang='grc'><strong>5-</strong></span> <span class='ocrx_word' id='word_1_191' title='bbox 1450 2959 1552 3023; x_wconf 81' lang='lat'><strong>81.</strong></span> <span class='ocrx_word' id='word_1_192' title='bbox 1612 2959 1753 3023; x_wconf 75' lang='lat' dir='ltr'><strong>Iam</strong></span> <span class='ocrx_word' id='word_1_193' title='bbox 1797 2962 1866 3022; x_wconf 91' lang='lat' dir='ltr'><strong>in</strong></span> <span class='ocrx_word' id='word_1_194' title='bbox 1911 2959 2030 3021; x_wconf 88' lang='lat' dir='ltr'><strong>XII</strong></span> <span class='ocrx_word' id='word_1_195' title='bbox 2083 2936 2317 3022; x_wconf 84' lang='lat' dir='ltr'><strong>tabulis</strong></span> <span class='ocrx_word' id='word_1_196' title='bbox 2384 2896 2661 3022; x_wconf 53' lang='lat' dir='ltr'><strong>infamia}</strong></span> 
     </span>
     <span class='ocr_line' id='line_1_24' title="bbox 539 3061 2660 3155; baseline -0.002 -21"><span class='ocrx_word' id='word_1_197' title='bbox 539 3073 779 3134; x_wconf 87' lang='lat' dir='ltr'><strong>mentio</strong></span> <span class='ocrx_word' id='word_1_198' title='bbox 856 3069 1069 3131; x_wconf 81' lang='lat' dir='ltr'><strong>facta·</strong></span> <span class='ocrx_word' id='word_1_199' title='bbox 1053 3111 1074 3148; x_wconf 86' lang='lat'><strong>,</strong></span> <span class='ocrx_word' id='word_1_200' title='bbox 1149 3066 1336 3151; x_wconf 81' lang='lat' dir='ltr'><strong>plura</strong></span> <span class='ocrx_word' id='word_1_201' title='bbox 1401 3065 1484 3128; x_wconf 89' lang='lat' dir='ltr'><strong>de</strong></span> <span class='ocrx_word' id='word_1_202' title='bbox 1538 3086 1612 3129; x_wconf 86' lang='lat' dir='ltr'><strong>ea</strong></span> <span class='ocrx_word' id='word_1_203' title='bbox 1666 3064 1859 3128; x_wconf 82' lang='lat' dir='ltr'><strong>habet</strong></span> <span class='ocrx_word' id='word_1_204' title='bbox 1928 3063 2144 3155; x_wconf 80' lang='lat' dir='ltr'><strong>tabula</strong></span> <span class='ocrx_word' id='word_1_205' title='bbox 2199 3061 2660 3129; x_wconf 76' lang='lat' dir='ltr'><strong>Heracleensis-</strong></span> 
     </span>
     <span class='ocr_line' id='line_1_25' title="bbox 531 3172 1485 3279; baseline -0.005 -38"><span class='ocrx_word' id='word_1_206' title='bbox 531 3176 623 3250; x_wconf 74' lang='grc' dir='ltr'><strong>Ν.</strong></span> <span class='ocrx_word' id='word_1_207' title='bbox 673 3199 797 3245; x_wconf 84' lang='lat' dir='ltr'><strong>van</strong></span> <span class='ocrx_word' id='word_1_208' title='bbox 834 3176 1094 3253; x_wconf 86' lang='lat' dir='ltr'><strong>Geuns,</strong></span> <span class='ocrx_word' id='word_1_209' title='bbox 1139 3196 1206 3259; x_wconf 96' lang='grc' dir='ltr'><strong>Ρ.</strong></span> <span class='ocrx_word' id='word_1_210' title='bbox 1262 3172 1377 3260; x_wconf 83' lang='lat'><strong>57-</strong></span> <span class='ocrx_word' id='word_1_211' title='bbox 1380 3173 1485 3279; x_wconf 77' lang='grc'><strong>69.</strong></span> 
     </span>
    </p>

    <p class='ocr_par' dir='ltr' id='par_1_12' title="bbox 621 3208 2660 3371">
     <span class='ocr_line' id='line_1_26' title="bbox 621 3208 2660 3371; baseline -0.002 -24"><span class='ocrx_word' id='word_1_212' title='bbox 621 3283 759 3371; x_wconf 83' lang='grc'><strong>(4)</strong></span> <span class='ocrx_word' id='word_1_213' title='bbox 817 3283 898 3347; x_wconf 91' lang='lat' dir='ltr'><strong>V.</strong></span> <span class='ocrx_word' id='word_1_214' title='bbox 956 3304 1085 3347; x_wconf 84' lang='lat' dir='ltr'><strong>van</strong></span> <span class='ocrx_word' id='word_1_215' title='bbox 1132 3278 1344 3345; x_wconf 81' lang='lat' dir='ltr'><strong>Geuns</strong></span> <span class='ocrx_word' id='word_1_216' title='bbox 1389 3293 1457 3343; x_wconf 87' lang='lat' dir='ltr'><strong>et</strong></span> <span class='ocrx_word' id='word_1_217' title='bbox 1493 3282 1836 3365; x_wconf 79' lang='lat' dir='ltr'><strong>praesertim</strong></span> <span class='ocrx_word' id='word_1_218' title='bbox 1873 3208 2221 3346; x_wconf 86' lang='lat' dir='ltr'><strong>Burchardi</strong></span> <span class='ocrx_word' id='word_1_219' title='bbox 2269 3274 2467 3342; x_wconf 79' lang='lat' dir='ltr'><strong>celeb.</strong></span> <span class='ocrx_word' id='word_1_220' title='bbox 2526 3296 2660 3342; x_wconf 81' lang='lat' dir='ltr'><strong>von</strong></span> 
     </span>
    </p>
   </div>
   <div class='ocr_carea' id='block_1_11' title="bbox 532 3384 2658 4131">
    <p class='ocr_par' dir='ltr' id='par_1_13' title="bbox 534 3384 2658 3568">
     <span class='ocr_line' id='line_1_27' title="bbox 534 3384 2658 3478; baseline -0.001 -24"><span class='ocrx_word' id='word_1_221' title='bbox 534 3393 816 3478; x_wconf 76' lang='lat' dir='ltr'><strong>savigny</strong></span> <span class='ocrx_word' id='word_1_222' title='bbox 845 3390 1195 3456; x_wconf 80' lang='lat' dir='ltr'><strong>doctrinam</strong></span> <span class='ocrx_word' id='word_1_223' title='bbox 1217 3401 1500 3468; x_wconf 80' lang='lat' dir='ltr'><strong>secutus,</strong></span> <span class='ocrx_word' id='word_1_224' title='bbox 1541 3391 1569 3474; x_wconf 82' lang='lat'><em>§</em></span> <span class='ocrx_word' id='word_1_225' title='bbox 1601 3413 1680 3476; x_wconf 85' lang='lat'><strong>7-</strong></span> <span class='ocrx_word' id='word_1_226' title='bbox 1691 3412 1785 3454; x_wconf 87' lang='lat'><strong>10.</strong></span> <span class='ocrx_word' id='word_1_227' title='bbox 1821 3391 2104 3475; x_wconf 86' lang='lat' dir='ltr'><strong>Uterque</strong></span> <span class='ocrx_word' id='word_1_228' title='bbox 2128 3397 2348 3453; x_wconf 86' lang='lat' dir='ltr'><strong>auetor</strong></span> <span class='ocrx_word' id='word_1_229' title='bbox 2381 3384 2658 3472; x_wconf 81' lang='lat' dir='ltr'><strong>diligen·</strong></span> 
     </span>
     <span class='ocr_line' id='line_1_28' title="bbox 534 3499 1993 3568; baseline -0.003 0"><span class='ocrx_word' id='word_1_230' title='bbox 534 3505 774 3568; x_wconf 82' lang='lat' dir='ltr'><strong>tissime</strong></span> <span class='ocrx_word' id='word_1_231' title='bbox 816 3523 1029 3566; x_wconf 87' lang='lat' dir='ltr'><strong>omnes</strong></span> <span class='ocrx_word' id='word_1_232' title='bbox 1074 3501 1346 3564; x_wconf 80' lang='lat' dir='ltr'><strong>infamiae</strong></span> <span class='ocrx_word' id='word_1_233' title='bbox 1372 3499 1624 3563; x_wconf 85' lang='lat' dir='ltr'><strong>effectus</strong></span> <span class='ocrx_word' id='word_1_234' title='bbox 1653 3511 1993 3564; x_wconf 80' lang='lat' dir='ltr'><strong>enumerat.</strong></span> 
     </span>
    </p>

    <p class='ocr_par' dir='ltr' id='par_1_14' title="bbox 533 3597 2658 3907">
     <span class='ocr_line' id='line_1_29' title="bbox 617 3597 2658 3697; baseline -0.004 -24"><span class='ocrx_word' id='word_1_235' title='bbox 617 3609 751 3697; x_wconf 84' lang='lat'><strong>(5)</strong></span> <span class='ocrx_word' id='word_1_236' title='bbox 790 3609 861 3672; x_wconf 91' lang='lat' dir='ltr'><strong>L.</strong></span> <span class='ocrx_word' id='word_1_237' title='bbox 909 3629 948 3671; x_wconf 84' lang='lat'>2</span> <span class='ocrx_word' id='word_1_238' title='bbox 988 3608 1061 3671; x_wconf 90' lang='lat' dir='ltr'><strong>C.</strong></span> <span class='ocrx_word' id='word_1_239' title='bbox 1111 3627 1228 3686; x_wconf 84' lang='lat'><strong>12,</strong></span> <span class='ocrx_word' id='word_1_240' title='bbox 1281 3628 1337 3670; x_wconf 86' lang='lat'><strong>1.</strong></span> <span class='ocrx_word' id='word_1_241' title='bbox 1381 3607 1515 3688; x_wconf 85' lang='lat' dir='ltr'><strong>(de</strong></span> <span class='ocrx_word' id='word_1_242' title='bbox 1562 3607 1877 3694; x_wconf 82' lang='lat' dir='ltr'><strong>dignit.);</strong></span> <span class='ocrx_word' id='word_1_243' title='bbox 1931 3607 1976 3671; x_wconf 85' lang='lat' dir='ltr'><strong>l.</strong></span> <span class='ocrx_word' id='word_1_244' title='bbox 2018 3606 2062 3671; x_wconf 87' lang='lat'>8</span> <span class='ocrx_word' id='word_1_245' title='bbox 2104 3604 2178 3670; x_wconf 90' lang='lat' dir='ltr'><strong>C.</strong></span> <span class='ocrx_word' id='word_1_246' title='bbox 2235 3625 2350 3689; x_wconf 78' lang='grc' dir='ltr'><strong>ιο,</strong></span> <span class='ocrx_word' id='word_1_247' title='bbox 2391 3601 2465 3665; x_wconf 81' lang='lat'><strong>31</strong></span> <span class='ocrx_word' id='word_1_248' title='bbox 2505 3597 2658 3684; x_wconf 83' lang='lat' dir='ltr'><strong>(de</strong></span> 
     </span>
     <span class='ocr_line' id='line_1_30' title="bbox 533 3708 2653 3800; baseline -0.003 -21"><span class='ocrx_word' id='word_1_249' title='bbox 533 3716 851 3779; x_wconf 85' lang='lat' dir='ltr'><strong>decurion.</strong></span> <span class='ocrx_word' id='word_1_250' title='bbox 877 3718 936 3797; x_wconf 85' lang='lat'><strong>).</strong></span> <span class='ocrx_word' id='word_1_251' title='bbox 985 3710 1131 3777; x_wconf 84' lang='lat' dir='ltr'><strong>Alia</strong></span> <span class='ocrx_word' id='word_1_252' title='bbox 1172 3733 1432 3776; x_wconf 83' lang='lat' dir='ltr'><strong>munera</strong></span> <span class='ocrx_word' id='word_1_253' title='bbox 1501 3712 1712 3778; x_wconf 86' lang='lat' dir='ltr'><strong>subire</strong></span> <span class='ocrx_word' id='word_1_254' title='bbox 1749 3725 1977 3800; x_wconf 82' lang='lat' dir='ltr'><strong>potest.</strong></span> <span class='ocrx_word' id='word_1_255' title='bbox 2020 3712 2093 3777; x_wconf 90' lang='lat' dir='ltr'><strong>L.</strong></span> <span class='ocrx_word' id='word_1_256' title='bbox 2143 3733 2259 3779; x_wconf 87' lang='lat' dir='ltr'><strong>un.</strong></span> <span class='ocrx_word' id='word_1_257' title='bbox 2292 3708 2365 3773; x_wconf 86' lang='lat' dir='ltr'><strong>C.</strong></span> <span class='ocrx_word' id='word_1_258' title='bbox 2415 3728 2527 3790; x_wconf 85' lang='grc' dir='ltr'><strong>ιο,</strong></span> <span class='ocrx_word' id='word_1_259' title='bbox 2569 3709 2653 3797; x_wconf 79' lang='lat'><strong>57</strong></span> 
     </span>
     <span class='ocr_line' id='line_1_31' title="bbox 537 3821 1069 3907; baseline 0.002 -24"><span class='ocrx_word' id='word_1_260' title='bbox 537 3823 664 3905; x_wconf 90' lang='lat' dir='ltr'><strong>(de</strong></span> <span class='ocrx_word' id='word_1_261' title='bbox 697 3821 986 3884; x_wconf 83' lang='lat' dir='ltr'><strong>infamib.</strong></span> <span class='ocrx_word' id='word_1_262' title='bbox 1011 3822 1069 3907; x_wconf 92' lang='lat'><strong>).</strong></span> 
     </span>
    </p>

    <p class='ocr_par' dir='ltr' id='par_1_15' title="bbox 532 3924 2652 4131">
     <span class='ocr_line' id='line_1_32' title="bbox 617 3924 2652 4029; baseline -0.005 -32"><span class='ocrx_word' id='word_1_263' title='bbox 617 3926 862 4014; x_wconf 85' lang='lat' dir='ltr'><strong>(6)L.</strong></span> <span class='ocrx_word' id='word_1_264' title='bbox 907 3925 993 4010; x_wconf 80' lang='grc'><strong>4,</strong></span> <span class='ocrx_word' id='word_1_265' title='bbox 1035 3924 1195 4016; x_wconf 61' lang='grc'><strong>56.</strong></span> <span class='ocrx_word' id='word_1_266' title='bbox 1243 3925 1448 4016; x_wconf 66' lang='lat'><strong>7³¹²·</strong></span> <span class='ocrx_word' id='word_1_267' title='bbox 1488 3924 1614 4017; x_wconf 84' lang='grc'><strong>49,</strong></span> <span class='ocrx_word' id='word_1_268' title='bbox 1664 3924 2517 4029; x_wconf 69' lang='lat' dir='ltr'><strong>⁸16(dex-emilitm-i);l.</strong></span> <span class='ocrx_word' id='word_1_269' title='bbox 2564 3940 2652 4006; x_wconf 84' lang='grc'><strong>2,</strong></span> 
     </span>
     <span class='ocr_line' id='line_1_33' title="bbox 532 4034 2263 4131; baseline -0.002 -29"><span class='ocrx_word' id='word_1_270' title='bbox 532 4036 568 4131; x_wconf 81' lang='lat'><em>§</em></span> <span class='ocrx_word' id='word_1_271' title='bbox 605 4034 701 4122; x_wconf 79' lang='grc'><strong>4,</strong></span> <span class='ocrx_word' id='word_1_272' title='bbox 738 4037 821 4101; x_wconf 91' lang='lat' dir='ltr'><strong>D.</strong></span> <span class='ocrx_word' id='word_1_273' title='bbox 865 4037 935 4103; x_wconf 84' lang='lat' dir='ltr'><strong>h.</strong></span> <span class='ocrx_word' id='word_1_274' title='bbox 979 4047 1034 4103; x_wconf 85' lang='lat' dir='ltr'><strong>t.</strong></span> <span class='ocrx_word' id='word_1_275' title='bbox 2194 4094 2205 4104; x_wconf 70' lang='grc'>,</span> <span class='ocrx_word' id='word_1_276' title='bbox 2250 4092 2263 4098; x_wconf 62' lang='grc'>,</span> 
     </span>
    </p>
   </div>
  </div>
 </body>
</html>
