2893 4778
838 331 1056 378 mmm
1109 331 1188 377 11.
1229 348 1323 363 —-
1368 330 1534 380 cst.
1585 331 1686 381 ιν.
1749 283 1751 285 V
2200 307 2364 384 505⁷

461 508 501 590 ᾗ
537 503 681 571 VII.
726 504 841 570 De
884 451 1087 569 tacita
1128 491 1407 596 propter
1446 502 1670 569 dotem
1714 500 2112 597 hypotheca.

226 781 231 788 ·
338 693 488 783 369.
530 692 786 787 Duplex
824 694 1192 787 hypotheca
1243 693 1550 785 generalis
1600 721 1637 760 a
1671 694 2029 762 Justiniano
2064 697 2135 761 in
2183 693 2352 770 dotis

235 810 648 896 *securitatem
683 791 1061 874 introducta
1081 821 1173 874 est
1194 860 1208 886 ,
1251 807 1444 874 altera
1476 809 1706 875 marito
1733 821 1824 875 ‘ut
1859 807 1939 874 de
1975 808 2120 876 dote
2149 833 2351 901 praes-

245 921 445 988 tanda
478 924 535 989 ei
575 935 834 989 cautum
871 924 951 987 sit
973 973 989 1002 ‚
1036 920 1230 988 altera
1263 946 1381 1012 pro
1427 921 1594 988 dotis
1630 911 2027 1014 repetitione.

342 1060 403 1103 a.
452 1035 866 1127 Quicumque
905 1037 1080 1101 enim
1111 1035 1326 1102 dotem
1353 1027 1672 1128 promittit
1695 1088 1712 1118 ‚
1770 1040 1957 1104 tacite
1992 1039 2204 1105 omnia
2240 1062 2353 1106 sua

248 1151 420 1218 bona
463 1152 827 1243 hypotheca
867 1163 1118 1231 onerat,
1150 1150 1343 1241 idque
1382 1175 1463 1217 ex
1497 1163 1820 1217 momento
1861 1153 2060 1243 ipsius
2080 1154 2355 1244 promis-

240 1271 444 1336 sionis
478 1276 521 1355 ’(
547 1277 642 1355 1).
689 1272 871 1336 Licet
924 1272 1098 1336 enim
1147 1268 1313 1335 dotis
1365 1271 1694 1362 promissio
1745 1272 2000 1338 tacitam
2056 1295 2354 1363 compre-

251 1382 495 1451 hendat
533 1383 734 1451 futuri
760 1385 1149 1450 matrimonii
1191 1382 1649 1466 conditionem,
1679 1383 2106 1477 hypothecam
2140 1398 2357 1453 tamen

251 1521 336 1564 ex
381 1497 795 1589 stipulationis
825 1511 1108 1589 tempore
1148 1499 1402 1581 (secutis
1430 1510 1645 1590 postea
1688 1500 1962 1590 nuptiis)
2010 1497 2358 1589 perfectam.

253 1591 384 1678 esse
428 1611 773 1678 dicendum
812 1624 936 1693 est,
981 1636 1130 1678 cum
1174 1609 1282 1676 illa
1327 1610 1611 1678 conditio
1658 1636 1791 1677 non
1848 1614 1919 1677 in
1962 1613 2155 1703 ipsius
2195 1636 2360 1703 pro-

251 1725 569 1791 mittentis
607 1735 913 1817 potestate
958 1723 1039 1790 sit
1083 1724 1287 1815 posita
1329 1729 1460 1811 (2).
1511 1721 1936 1791 constituitur
1972 1737 2185 1791 autem
2218 1723 2360 1790 haec

258 1836 626 1930 hypotheca
658 1892 674 1921 ,
716 1853 848 1934 tam
883 1862 1002 1931 pro
1044 1838 1356 1906 solutione
1379 1889 1395 1915 ‚
1437 1845 1629 1928 quam
1669 1864 1790 1930 pro
1827 1840 2138 1934 evictione
2174 1839 2360 1907 dotis·

349 1951 411 2017 b.
457 1951 605 2019 Alia
668 1952 1030 2045 hypotheca
1085 1977 1374 2019 concessa
1427 1964 1519 2017 est
1583 1976 1701 2043 pro
1760 1955 2136 2044 repetitione
2199 1953 2364 2022 dotis

252 2068 331 2131 'in
371 2066 555 2135 bonis
613 2068 868 2147 mariti,
926 2070 1038 2159 qui
1092 2066 1298 2133 soluto
1340 2066 1751 2132 matrimonio
1803 2065 1977 2132 illam
2032 2070 2363 2134 restituere

244 2179 451 2247 'debet
504 2182 632 2267 (3).
686 2182 785 2247 Ea
827 2205 959 2248 non
1001 2180 1206 2247 solum
1254 2181 1441 2246 uxori
1484 2203 1770 2246 concessa
1818 2192 1943 2259 est,
2001 2180 2109 2246 sed
2167 2181 2363 2248 etiam

258 2298 431 2388 patri
493 2301 629 2383 ejus
695 2294 796 2364 vel
853 2295 1193 2363 heredibus
1219 2346 1236 2376 ,
1300 2293 1514 2362 aliisve
1572 2295 1852 2385 personis
1913 2293 2129 2362 dotem
2170 2319 2362 2388 repe-

138 2408 149 2415 ’
255 2411 541 2480 tentibus
583 2409 660 2497 (4
679 2415 730 2497 ).

357 2528 455 2593 De
491 2527 590 2593 his
626 2540 841 2592 autem
882 2523 1333 2617 quaestionibus
1363 2524 1807 2594 controversiae
1835 2525 2073 2593 moveri
2112 2522 2317 2592 solent
2338 2550 2360 2592 ε

236 2732 239 2735 ¹
266 2667 353 2711 an
378 2655 443 2710 et
465 2665 706 2733 sponsae
730 2641 866 2708 haec
897 2640 1260 2732 hypotheca
1279 2635 1680 2706 concedenda
1695 2639 1775 2705 sit
1792 2690 1812 2720 2
1833 2640 1946 2730 qui
1969 2638 2190 2705 dotem
2215 2653 2363 2706 ante

355 2965 468 3048 (1)
514 2964 584 3027 L.
633 2965 858 3041 unica,
908 2963 936 3047 §
994 2984 1060 3039 1,
1088 2965 1174 3024 -C.
1225 2962 1310 3040 5·,
1350 2963 1461 3038 13,
1505 2959 1633 3032 (de
1673 2962 1763 3021 rei
1800 2963 2060 3042 uxor.)3
2100 2960 2369 3043 quinon

268 3094 344 3135 ex
390 3073 795 3155 promissione
850 3069 957 3132 sed
1010 3091 1081 3132 ex
1132 3068 1268 3152 lege
1325 3069 1532 3129 dotem
1578 3067 1760 3139 debet
1784 3114 1801 3144 ,
1842 3067 1960 3127 hac
2019 3066 2369 3149 hypotheca

269 3182 401 3241 non
455 3191 765 3241 oneratur.

357 3291 485 3368 (2)
532 3286 808 3346 Dubium
837 3295 928 3346 est
946 3332 963 3362 ,
988 3304 1069 3345 an
1097 3281 1261 3354 idem
1284 3283 1365 3344 sit
1391 3280 1725 3344 dicendum
1746 3280 1797 3342 si
1819 3280 2072 3343 foemina
2098 3291 2371 3363 nuptura

272 3393 483 3455 dotem
527 3393 901 3475 promiserit.

356 3503 491 3581 (3)
533 3502 600 3561 L.
641 3502 810 3562 unic.
847 3549 865 3578 ‚
916 3499 945 3582 §
992 3519 1064 3573 1,
1122 3502 1191 3562 C.
1241 3498 1324 3574 5,
1378 3494 1483 3575 13,
1531 3496 1713 3576 (eod.
1753 3496 1956 3578 tit.);
2014 3495 2059 3557 l.
2093 3497 2171 3557 30
2224 3512 2377 3578 pr.;

276 3633 359 3694 D.
400 3630 479 3705 5,
530 3652 636 3705 12,
671 3629 793 3706 (de
835 3629 1132 3707 dotib.)·,
1182 3627 1209 3710 §
1260 3626 1429 3709 291.
1470 3627 1550 3703 4,
1600 3624 1692 3700 6,
1745 3625 1878 3703 (de
1912 3626 2224 3721 action.)5

360 3734 504 3814 (43
549 3734 816 3812 Quando
880 3737 1016 3817 ipsa
1053 3755 1205 3794 uxor
1243 3733 1450 3793 dotem
1500 3733 1727 3813 repetit
1757 3776 1773 3802 ,
1837 3729 1966 3790 haec
2017 3729 2373 3813 hypotheca

275 3840 607 3928 privilegio
659 3843 906 3926 gaudet.
954 3832 1056 3902 An
1102 3856 1191 3901 ea¹
1218 3842 1405 3900 etiam
1469 3838 1568 3899 illi
1613 3840 1965 3921 competat,
2014 3839 2124 3919 qui
2171 3837 2378 3899 dotem‘

277 3952 667 4031 receptitium
703 3952 863 4032 petit
891 3997 909 4024 ‚
954 3958 1421 4009 controversum
1449 3952 1564 4008 est.
1605 3946 1965 4032 Negativam
2009 3945 2378 4006 sententiam

278 4056 561 4120 defendit
601 4056 802 4118 Glic'ck
827 4100 846 4133 ,
892 4055 970 4116 T.
1007 4054 1160 4116 xlx
1184 4100 1201 4131 ‚
1259 4075 1327 4136 p.
1387 4072 1524 4113 120.
