2893 4778
968 326 1489 380 INTRODUCTIO.
1819 364 1823 371 .
2194 328 2286 408 29
2335 337 2342 354 “

178 472 371 527 tomas
416 476 504 521 ex
546 452 688 519 aliis
707 503 725 534 ‚
774 451 1229 545 disputationes
1253 501 1270 529 ‚
1307 445 1660 515 enchiridia
1709 448 1810 532 (1)
1843 492 1859 530 ‚
1900 446 2283 541 disputatio..

179 595 327 636 num
357 580 428 633 et
466 578 871 656 receptarum
911 567 1365 631 sententiarum
1399 561 1594 627 libros
1627 566 1771 649 (2).

1090 751 1118 834 ς
1191 748 1388 815 xv1.

245 915 358 980 De
409 917 806 978 anctoritate
823 897 1436 1001 jurisconsultorum
1475 911 1662 1002 apud
1690 911 2030 976 Romanos
2071 912 2208 998 (3).

267 1100 541 1194 Triplex
574 1151 591 1179 ‚
663 1099 933 1165 durante
983 1097 1309 1201 republica
1368 1097 1565 1162 libera
1601 1149 1617 1178 ‚
1678 1096 1758 1162 ad
1821 1097 2088 1188 gloriam
2147 1114 2283 1169 erat

172 1215 381 1301 ‘aditus
449 1212 625 1306 apud
678 1214 994 1278 Romanos
1049 1239 1066 1276 ε
1112 1213 1227 1277 rei.
1253 1209 1543 1277 militaris
1569 1262 1585 1291 ,
1658 1214 1815 1298 juris
1879 1214 2148 1278 scientiae
2217 1228 2281 1282 et

190 1318 561 1420 eloquentiae
588 1326 872 1392 studium
894 1325 1025 1409 (4).
1063 1318 1449 1416 jurisperiti,
1480 1350 1626 1389 cum
1660 1327 1917 1390 summis
1935 1326 2282 1395 honoribus

189 1442 608 1519 haberentur,
639 1464 869 1531 magna
902 1463 1128 1504 ,eorum
1156 1452 1292 1504 erat
1319 1439 1653 1503 auctoritas
1686 1466 1703 1521 3
1738 1438 1910 1503 nulla
1942 1453 2152 1506 tamen
2176 1441 2283 1509 lex

189 1557 259 1622 de
287 1558 411 1623 hoc
445 1553 692 1646 aliquid
728 1565 1112 1647 praeceperat
1143 1581 1158 1616 ε
1190 1551 1581 1635 doctissimus
1598 1565 1661 1618 et
1683 1556 2076 1644 gravissimus
2100 1558 2279 1646 quis-

191 1696 300 1762 que
328 1667 823 1758 jurisconsultus
850 1669 919 1732 in
946 1667 1085 1733 foro
1117 1668 1392 1733 nominis
1417 1668 1513 1731 sui
1552 1664 1832 1757 pondere
1874 1680 1937 1733 et
1973 1667 2141 1733 fama
2170 1696 2284 1738 va-

189 1784 383 1863 lebat,
437 1788 702 1872 ejusque
751 1783 1074 1847 sententiae
1120 1793 1185 1846 et
1237 1781 1563 1871 opiniones
1613 1781 2097 1871 recipiebantur.
2144 1783 2281 1850 Sub

187 1896 482 1989 Augusto
536 1907 750 1959 autem
787 1919 859 1959 ea
902 1898 970 1958 in
1012 1919 1080 1959 re
1122 1896 1392 1959 mutatio
1439 1893 1604 1961 facta
1650 1917 1774 1958 esse
1831 1892 2098 1962 videtur.
2154 1898 2281 1964 Hic

188 2012 356 2077 enim
402 2013 789 2113 imperator,
822 2021 894 2074 ut
917 2006 1343 2094 jurisconsulti
1367 2032 1448 2073 ex
1481 2032 1590 2072 sua
1619 2009 1986 2073 auctoritate
2021 2034 2284 2101 respon-

191 2122 444 2201 demut,
479 2122 871 2187 constituisse
910 2118 1115 2186 fertur
1159 2120 1231 2204 (5
1251 2127 1315 2203 );
1352 2080 1460 2185 de
1474 2128 1649 2207 cujus
1688 2123 2149 2189 constitutionis
2179 2149 2283 2192 ra·-

192 2238 357 2302 tione
401 2239 777 2326 interpretes
827 2257 960 2298 non
1014 2236 1437 2299 consentiunt.
1501 2234 1744 2300 Eorum
1787 2238 2121 2301 sententias
2173 2242 2283 2324 ju*

194 2349 353 2418 dices
386 2351 568 2441 sequi
617 2347 896 2414 debuisse
929 2371 1008 2413 ex
1051 2341 1194 2434 Gaji
1226 2345 1369 2442 locp
1409 2346 1721 2435 conjicere
1760 2347 2092 2430 dehemm,
2134 2376 2283 2418 cum

193 2463 294 2531 hic
353 2463 758 2530 Hadrianum
804 2463 1183 2553 rescripsisse
1233 2462 1437 2542 dicat,
1484 2485 1779 2552 responsa
1830 2462 2223 2554 prudentum
2258 2515 2278 2549 ‚

271 2687 379 2766 (1)
424 2683 645 2745 Veluti
698 2681 1049 2764 Pomponii.

273 2792 379 2872 (2)
423 2790 644 2852 Veluti
694 2784 897 2849 Pauli.

275 2900 384 2980 (3)
431 2896 566 2957 Hoc
599 2902 1030 2977 argumentum
1047 2944 1065 2973 ‚
1103 2893 1322 2977 saepius
1347 2892 1470 2977 jam
1495 2900 1826 2956 tractatum
1850 2944 1866 2972 ‚
1893 2893 1974 2956 ab
1995 2897 2287 2978 Instituta

200 3004 434 3086 belgico
460 3051 480 3080 ‚
533 3000 771 3084 aliquot
808 3001 1036 3061 abhinc
1073 3005 1252 3062 annis
1276 3049 1293 3078 ,
1335 3002 1401 3061 in
1440 3003 1772 3062 certamine
1803 3000 2074 3065 literario
2117 3017 2288 3068 trac-

200 3112 457 3171 tandum
504 3111 888 3191 propositum
930 3120 1081 3170 erat.
1136 3110 1286 3169 Duae
1346 3111 1700 3191 nuperrime
1740 3116 2289 3177 commentationes

198 3220 447 3299 praemio
484 3227 713 3276 ornatae
740 3215 1184 3276 Amstelodami
1222 3214 1588 3297 prodierunt
1615 3263 1631 3291 ‚
1662 3217 2012 3277 auctoribus
2043 3218 2288 3282 Holtius

198 3335 257 3384 et
278 3325 353 3384 F.
384 3325 574 3384 Fretz
610 3322 728 3383 sub
758 3321 941 3382 titulo
969 3321 1706 3400 :Prijsverkandelingen
1726 3367 1742 3397 ,
1773 3335 1885 3382 etc.
1921 3324 2195 3385 bekrond
2208 3346 2287 3385 en

205 3435 574 3510 nitgegeven
599 3431 757 3490 door
778 3430 855 3489 de
895 3430 1083 3490 derde
1127 3431 1325 3490 klasse
1350 3450 1484 3489 van
1528 3433 1628 3489 ket
1673 3429 2008 3510 ΙτοηιηςζγΙῑ
2058 3434 2285 3493 neder-

198 3536 489 3596 landsche
510 3538 789 3630 instituat
804 3575 830 3610 ‚
868 3545 981 3596 etc.
1007 3549 1062 3595 te
1084 3536 1520 3611 Amsterdam,
1564 3533 1735 3597 1822.
1780 3558 1802 3628 .¹
1826 3538 1952 3597 vol.
1996 3536 2082 3615 40.
2116 3538 2279 3601 Clar.

199 3642 469 3703 Romus
511 3642 863 3702 dissertatio
893 3640 1087 3701 latine
1142 3653 1204 3701 et
1242 3640 1694 3723 elegantissime
1751 3647 2024 3725 scripta,
2091 3642 2284 3707 altera

197 3748 443 3831 belgice.
496 3748 830 3826 Aliorum,
882 3748 1079 3812 veluti
1130 3750 1413 3811 Raevardi
1458 3761 1520 3810 et
1566 3749 1854 3827 Voorda,
1913 3752 2142 3860 scripta
2177 3755 2284 3814 in-

201 3855 358 3918 dicat
400 3854 738 3932 Haubold‚
783 3854 830 3915 l.
878 3877 932 3915 c.
983 3855 1011 3937 §
1061 3876 1193 3937 192.

282 3962 381 4041 (4)
424 3961 670 4045 Dialog.
715 3961 793 4022 de
841 3962 1025 4023 claris
1067 3961 1419 4023 oratoribus
1455 3982 1509 4021 e.
1551 3958 1630 4020 28
1662 3960 1879 4025 Tacito
1914 3961 2280 4052 adscriptus.

282 4070 383 4154 (5)
423 4071 489 4133 L.
544 4092 607 4135 α.
653 4070 683 4154 §
729 4066 833 4154 47.
881 4070 963 4131 n.
1018 4088 1159 4131 ω.
1211 4063 1325 4152 (de
1358 4067 1472 4129 or.
1521 4066 1695 4150 sur.)
