2893 4778
568 291 705 364 160
892 312 1401 363 commeantia
1452 316 1653 365 smus
1706 316 1989 367 nonum
2034 319 2358 370 rmvxri.

556 442 733 508 euim
786 437 1001 531 aliqua
1052 438 1158 504 lex
1215 450 1352 505 erat
1401 411 1671 506 obscura
1694 492 1711 519 ‚
1763 440 2142 511 relationem
2196 441 2409 511 dubiae
2466 464 2677 510 causae

555 554 641 620 ad
684 554 1134 646 imperatorem
1169 554 1497 645 porrigere
1553 553 1874 622 debebant
1896 605 1916 637 ‚
1968 558 2086 650 qui
2134 572 2446 653 tanquam
2483 583 2677 627 sum-

557 695 710 738 mua⁷
736 667 929 756 judex
978 667 1429 759 ambiguitates
1463 668 1706 736 solvere
1755 670 2020 738 solebat.

645 783 958 849 Consistit
1006 781 1140 848 haec
1202 784 1645 872 interpretatio
1698 786 1768 849 in
1823 809 1937 863 eo,
1990 799 2067 853 ut
2127 786 2457 880 legislator
2502 811 2678 856 nova

558 898 698 991 lege
739 896 1041 976 definiat,
1093 921 1240 988 quae
1290 897 1487 988 ipsius
1531 896 1728 964 suerit
1769 901 1838 963 in
1882 900 2087 992 priori
2149 899 2294 993 lege
2330 901 2678 971 sancienda

551 1013 889 1080 sententiaa
947 1008 1170 1078 Nullas
1219 1012 1279 1075 ei
1323 1012 1479 1096 juris
1511 1011 1765 1104 regulas
1795 1015 1868 1078 in
1899 1014 2020 1081 hac
2052 1039 2121 1082 re
2156 1018 2414 1107 praecipi
2445 1040 2626 1107 posse
2655 1064 2675 1099 ,

552 1126 962 1194 manifestum
994 1138 1106 1193 est.
1121 1124 1520 1195 Putaverunt
1548 1105 1818 1218 quidam
1848 1141 2135 1195 auctores
2162 1180 2181 1208 ‚
2222 1131 2676 1198 Iustinianum

549 1267 811 1310 omnem
850 1238 1043 1305 aliam
1077 1250 1309 1330 praeter
1343 1239 1784 1306 authenticam
1822 1235 2416 1334 interpretationem
2459 1245 2677 1310 inter-2

552 1359 780 1423 dixisse
814 1382 831 1437 ς
868 1352 979 1419 sed
1026 1355 1117 1418 ita
1172 1351 1605 1444 intelligenda}
1659 1368 1809 1447 sunt
1851 1361 1984 1444 ejus
2032 1359 2548 1439 constitutioneS,
2599 1372 2679 1427 ut

549 1478 761 1567 legem
806 1472 994 1566 plane
1044 1473 1380 1539 obscuram
1414 1524 1431 1551 ,
1490 1475 1604 1538 aut
1651 1478 1833 1562 eujus
1895 1474 2239 1567 applicatio
2295 1479 2384 1544 ita
2445 1478 2676 1570 iniqua

438 1572 465 1600 ⁴
548 1604 704 1656 esset
727 1641 742 1669 ‚
791 1601 863 1654 ut
899 1587 1072 1653 bono
1102 1585 1361 1678 publico
1398 1598 1511 1650 aut
1555 1587 1677 1679 ipsi
1723 1586 2395 1680 legislatoris-consilio
2431 1589 2673 1660 adver-

547 1706 671 1771 sari
720 1701 1044 1770 videretur
1089 1752 1108 1781 ,
1179 1699 1380 1788 judici
1432 1700 1764 1768 moderare
1828 1728 1912 1769 ex
1969 1726 2085 1770 suo
2134 1704 2401 1772 arbitrio
2446 1718 2671 1774 tamen

548 1845 683 1887 non
725 1817 912 1884 liceat
963 1821 1095 1901 (t).

651 1957 752 2023 ¹7·
801 1926 1054 1996 Usualis
1070 1925 1285 2020 legum
1323 1926 1764 2019 interpretatio
1810 1952 1885 1994 ea
1928 1940 2019 1997 est
2044 1980 2060 2010 ‚
2102 1954 2242 2023 quae
2274 1932 2344 1997 in
2385 1930 2530 1999 foro
2562 1956 2671 1999 re..

547 2061 729 2140 cepta
777 2040 1254 2111 consuetudine·
1284 2053 1352 2107 et
1394 2066 1613 2108 rerum
1641 2041 2070 2131 judicatarum
2111 2048 2485 2113 auctoritate
2541 2045 2700 2150 fir·-

544 2175 715 2230 mata
754 2174 847 2226 est
877 2161 1028 2242 (2).
1077 2157 1421 2247 Tantaque
1455 2158 1549 2224 vis
1591 2157 1786 2246 hujus
1824 2159 2370 2252 interpretationis
2399 2174 2524 2243 est,
2557 2176 2669 2246 ut,

541 2272 595 2334 si
633 2266 825 2335 semel
868 2290 1045 2334 more
1083 2266 1495 2359 comprobata
1527 2268 1641 2349 sit,
1693 2270 1774 2334 ab
1814 2295 1891 2336 ea
1926 2268 2219 2337 recedere
2273 2285 2583 2365 tanquam
2627 2301 2667 2342 a

541 2389 682 2475 jure
744 2381 1027 2476 legitime
1088 2384 1437 2451 constituto
1485 2382 1915 2471 judicantibus
1978 2411 2114 2452 uon
2172 2385 2395 2472 liceat3
2464 2412 2665 2480 qnare

540 2501 921 2569 recentiores
978 2521 1236 2591 quoque
1263 2551 1280 2580 ‚
1331 2524 1472 2566 eam
1518 2500 1739 2594 legalis
1774 2504 2317 2597 interpretationis
2382 2502 2665 2600 speciem

541 2612 939 2684 considerare
980 2625 1444 2710 consueverunt
1482 2612 1624 2701 (3).

623 2931 729 3014 (1)
771 2932 840 2993 L.
882 2951 926 3014 9
959 2979 976 3008 ‚
1028 2950 1121 2991 12.
1168 2928 1197 3013 §
1262 2950 1315 2992 ι.
1367 2926 1438 2990 C.
1482 2929 1552 2992 h.
1593 2941 1642 2993 t.
1702 2926 1845 2991 Haec
1891 2941 2095 2992 const.
2156 2930 2312 2993 dicit
2357 2955 2375 2993 ε
2437 2959 2466 2988 π
2528 2941 2668 2998 tam

537 3040 831 3102 conditor
862 3060 1049 3121 quam
1091 3038 1399 3119 interpres
1446 3035 1656 3120 legum
1699 3036 1866 3099 solus
1926 3038 2264 3121 imperator
2304 3041 2463 3121 juste
2501 3043 2674 3103 exis-

538 3128 889 3212 timabitur.
925 3171 953 3201 ιι
998 3143 1172 3210 Ital.
1217 3164 1306 3219 2,
1348 3144 1379 3227 §
1429 3164 1529 3204 21.
1566 3145 1638 3206 C.
1694 3165 1717 3204 1
1747 3192 1767 3222 ‚
1825 3166 1920 3230 ¹7·
1963 3147 2073 3206 cit.
2124 3145 2281 3208 Nov.
2338 3145 2440 3209 82.
2474 3169 2532 3209 c.
2567 3148 2671 3230 14.

535 3254 695 3318 Nov.
733 3255 842 3317 113
868 3300 885 3329 ‚
916 3274 969 3313 c.
1006 3274 1057 3313 1.
1092 3273 1188 3335 pr.
1221 3248 1386 3311 Bene
1418 3272 1549 3312 rem
1578 3251 1844 3334 explicat
1880 3252 2163 3313 Maillzer
2186 3295 2211 3328 ‚
2252 3251 2296 3314 l.
2326 3275 2379 3314 c.
2412 3276 2479 3337 p.
2514 3256 2666 3323 282.

621 3363 725 3447 (2)
776 3361 1094 3443 «Optima
1146 3358 1355 3447 legum
1395 3359 1700 3442 interpres
1747 3359 2128 3420 consuetudo
2172 3387 2223 3431 u
2270 3356 2313 3420 l.
2377 3361 2499 3444 37,
2550 3362 2663 3427 38.

535 3472 618 3532 D.
666 3469 733 3530 h.
779 3480 828 3530 t.
885 3465 1198 3538 Maillzer,
1242 3487 1309 3548 p.
1360 3466 1483 3544 254
1513 3477 1577 3527 et
1633 3488 1761 3549 seq.
1816 3466 2222 3528 Contrarium
2267 3466 2486 3528 haberi
2529 3491 2667 3534 non

425 3578 436 3587 ”
536 3577 724 3638 debet
760 3574 921 3636 illud
967 3573 1128 3656 leges
1178 3574 1272 3635 13.
1315 3572 1386 3634 C.
1443 3595 1478 3656 7
1508 3620 1525 3649 ‚
1576 3569 1678 3650 45.
1708 3572 1825 3654 (de
1863 3583 2131 3635 sentent.
2168 3560 2472 3657 quaa-{sine
2520 3578 2660 3658 jud.

535 3707 691 3748 resc.
727 3687 749 3768 )
816 3704 945 3744 non
1015 3680 1312 3766 exemplis
1371 3683 1479 3744 sed
1535 3682 1776 3767 legibus
1842 3683 2248 3767 judicandum
2302 3685 2489 3768 (vide
2538 3707 2656 3767 20,

479 3864 488 3873 l
537 3791 618 3852 28
639 3840 656 3867 ‚
695 3808 786 3851 no.
834 3788 943 3871 4.)
1364 3777 1376 3798 ’

617 3898 730 3980 (3)
774 3922 803 3953 ιι
836 3897 1097 3958 Minime
1123 3905 1273 3957 sunt
1302 3895 1720 3972 extendenda,
1752 3918 1887 3980 quae
1921 3907 2155 3960 certam
2187 3899 2660 3981 interpretatio-

533 4025 677 4066 nem
698 4008 938 4086 semper
967 4002 1322 4065 habuerunt
1348 4052 1365 4082 ,
1393 4032 1420 4062 n
1463 4003 1636 4091 l.·j23·.
1670 4005 1748 4066 D.
1791 4005 1858 4067 h'.
1892 4016 1919 4068 t
1942 4027 1962 4083 3
1989 4005 2298 4067 Hofacker
2337 4008 2685 4089 principia·

533 4134 595 4195 p.
630 4133 730 4174 121
757 4111 1099 4195 31'laibauc,
1130 4112 1158 4196 ς
1182 4110 1261 4191 42
1281 4132 1301 4194 3
1322 4114 1702 4177 contrarium
1720 4123 1902 4200 putat
1919 4112 2231 4196 Mamer,
2253 4135 2317 4200 p.
2345 4113 2655 4193 232-233.
