2893 4778
474 290 623 382 486
819 313 1330 364 coMMsuTAnn
1379 314 1579 361 smus
1632 312 1912 360 nomam
1964 314 2280 363 ralvA’rI.
2355 345 2358 350 v

566 437 683 502 Est
729 460 883 529 ergo
923 441 1021 523 jus
1058 438 1343 530 pig-noris
1391 462 1412 503 ε

570 573 634 617 a.
674 551 788 617 Jus
833 553 901 616 in
935 576 1003 616 re
1052 550 1257 618 aliena
1290 602 1308 631 ‚
1356 573 1505 643 quae
1550 561 1757 642 potest
1793 574 1923 617 esse
1964 575 2062 618 res
2104 551 2453 645 corporalis
2490 566 2612 623 aut‘

481 665 801 760 obligatio
834 692 946 735 seu
969 693 1224 735 «nomen
1255 694 1273 749 ς
1322 669 1392 733 in
1419 692 1490 734 re
1530 669 1790 760 propria
1833 668 2266 761 hypothecam
2299 670 2439 761 quis
2472 668 2605 736 ha·-

481 782 631 848 bere
675 807 711 849 e
765 781 984 875 regula
1044 807 1174 852 non
1229 794 1436 879 potest
1480 809 1499 865 3
1541 833 1546 836 -
1580 782 1652 850 in
1703 782 1891 849 certis
1950 795 2166 850 tamen
2231 785 2476 855 casibus
2527 808 2605 850 ea

485 900 735 973 obtinet
761 953 777 980 ‚
804 913 880 965 ut
903 901 1323 997 proprietario
1343 911 1566 967 contra
1583 898 1738 966 alios
1762 897 2106 967 creditores
2126 900 2277 968 inde
2288 914 2610 971 caveatur.
2717 989 2724 990 ἶ

577 1013 642 1082 b.
690 1014 804 1082 Est
839 1013 999 1081 illud
1041 1018 1138 1101 jus
1174 1015 1245 1080 in
1274 1038 1343 1080 re
1373 1042 1390 1079 ε
1427 1040 1581 1081 nam
1615 1016 1686 1079 in
1713 1038 1849 1082 rem
1891 1016 2139 1082 actione
2184 1019 2479 1090 munitur
2511 1020 2607 1099 (1)

491 1127 806 1208 creditor,
841 1135 893 1196 si
934 1154 1033 1194 res
1065 1126 1408 1219 corporalis
1435 1127 1720 1219 obligata
1754 1132 1879 1210 sit3
1933 1131 2004 1196 in
2036 1131 2311 1197 nominis
2334 1132 2609 1221 pignore

490 1250 630 1320 haec
678 1249 892 1320 locum
932 1275 1061 1317 non
1104 1251 1299 1316 habet
1329 1302 1346 1331 ‚
1390 1243 1499 1317 sed
1546 1275 1626 1315 ex
1669 1250 2057 1352 obligatione
2078 1255 2414 1351 pignerata
2438 1252 2613 1318 utilis

497 1369 669 1435 actio
718 1366 1021 1434 creditori
1072 1368 1483 1459 pigneratitio
1525 1391 1813 1434 concessa
1856 1382 1967 1458 est.

585 1505 640 1550 c.
680 1481 863 1548 Finis
909 1482 1419 1574 hypothecarum
1459 1484 1765 1550 securitas
1810 1481 2142 1553 creditoris
2187 1495 2280 1550 est
2302 1534 2319 1562 ,
2362 1506 2505 1574 quae
2525 1484 2616 1560 ,in

495 1615 576 1659 eo
622 1595 905 1660 consistit
932 1638 958 1672 ,
1008 1605 1080 1658 ut
1128 1591 1412 1659 creditor
1463 1617 1600 1659 rem
1652 1593 1967 1685 possidere
2009 1606 2108 1676 et,
2154 1618 2290 1664 non
2336 1592 2620 1664 solvente

500 1706 788 1794 debitore
813 1759 829 1787 ,
870 1731 953 1772 ex
994 1731 1067 1771 ea
1112 1708 1232 1794 sihi
1277 1707 1628 1777 satisfacere
1665 1715 1887 1804 possit.
2293 1795 2300 1800 .

591 1821 742 1889 351.
787 1820 894 1886 Ad
956 1821 1392 1920 hypothecam
1465 1822 1974 1892 constituendam
2030 1826 2186 1914 jure'
2236 1822 2622 1911 justinianeo

499 1934 677 2002 nulla
718 1934 924 2002 forma
961 1924 1259 2027 puhlica‚'
1310 1935 1489 2006 nulla
1530 1936 1923 2004 solemnitate
1962 1961 2119 2029 opus
2162 1949 2272 2006 est.
2331 1937 2624 2029 Antiquo

500 2053 642 2140 jure
699 2074 965 2116 romano
1012 2029 1142 2141 ¹per
1196 2053 1734 2143 mancipationem
1790 2066 1898 2121 aut
1955 2054 2043 2117 in»
2083 2056 2219 2138 jure
2278 2054 2624 2119 cessionem

504 2165 739 2232 fiducia
769 2180 1092 2234 contracta
1123 2192 1220 2234 res
1259 2193 1380 2260 pro
1424 2168 1650 2235 debitis
1677 2169 1947 2266 obligari
1982 2166 2285 2233 solebant.
2326 2166 2630 2237 Creditor

507 2280 656 2380 inde
694 2306 780 2348 ex
826 2286 962 2368 jure
1000 2282 1358 2375 Quiritium
1402 2283 1697 2351 dominus
1744 2285 1836 2348 rei
1885 2281 2184 2374 obligatae
2247 2280 2441 2349 fiebat
2473 2332 2490 2362 ‚
2536 2282 2622 2348 oh

505 2394 811 2467 fiduciam
845 2422 996 2465 vero
1034 2412 1423 2465 contractam
1466 2404 1607 2487 jure
1646 2424 1760 2465 suo
1801 2399 1984 2468 abuti
2018 2422 2153 2465 non
2188 2408 2479 2489 poterat3
2515 2396 2627 2463 sed

507 2510 706 2604 vulgo
748 2511 1025 2581 debitori
1073 2515 1425 2606 precariam
1456 2514 1747 2613 pignoris
1804 2514 2250 2608 possessionem
2294 2512 2625 2580 concessit.

476 2625 664 2705 -Haec
708 2625 1100 2719 hypothecas
1138 2628 1567 2699 constituendi
1625 2653 1851 2694 norma
1882 2679 1900 2708 ,
1959 2616 2102 2718 quae
2150 2616 2435 2717 tempore
2485 2624 2624 2690 cla·

511 2764 732 2806 rorum
785 2740 1381 2829 jurisconsultorum
1427 2742 1638 2808 adhuc
1694 2744 1763 2807 in
1812 2766 1935 2807 usu
1976 2753 2153 2824 erati,
2205 2743 2275 2806 in
2324 2739 2638 2835 desueta--R

513 2855 731 2922 dinem
761 2870 976 2948 postea
1015 2860 1173 2925 abiit
1198 2886 1215 2940 3
1263 2873 1328 2925 et
1353 2884 1594 2926 novum
1623 2862 1722 2947 jus
1749 2859 2098 2949 pignorum
2129 2907 2145 2936 ‚
2198 2853 2370 2952 quod
2413 2854 2628 2921 adhuc

514 2972 719 3063 viget,
764 2970 990 3062 procul
1037 2971 1233 3038 dubio
1283 2997 1363 3043 ex
1409 2972 1531 3041 illis
1590 2974 1744 3061 juris
1782 2972 2141 3057 justinianei
2171 2970 2458 3068 partibus
2493 2983 2627 3052 est,

512 3107 659 3180 quae
701 3087 964 3158 minime
1009 3084 1306 3159 laudibus
1350 3085 1573 3157 extolli
1609 3086 1845 3157 debent
1889 3092 2042 3171 (2).

603 3400 710 3481 (1)
752 3402 824 3465 L.
882 3425 949 3488 ¹7
992 3404 1072 3464 D.
1122 3402 1188 3463 h.
1236 3414 1283 3462 t.
1319 3422 1340 3482 τ,
1382 3401 1409 3485 §
1453 3426 1486 3489 7
1527 3404 1580 3463 I.
1631 3401 1710 3480 4,
1756 3401 1799 3463 6
1841 3400 1971 3479 (de
2001 3360 2421 3475 actionibus).

597 3507 717 3590 (2)
761 3508 939 3571 Pauli
967 3520 1231 3573 sentent.
1261 3522 1493 3592 recept.
1529 3507 1640 3573 lib.
1667 3510 1759 3584 11,
1790 3511 1889 3570 tit.
1925 3511 1995 3572 13
2015 3557 2030 3586 ‚
2054 3531 2165 3592 per
2186 3528 2458 3573 errorem
2487 3525 2630 3565 sane
2723 3500 2738 3515 ⁴

460 3670 468 3679 ,
525 3616 860 3696 inscriptus
886 3616 964 3675 de
1011 3616 1142 3694 lege
1199 3618 1659 3692 commissoria3
1714 3618 1854 3696 Gaj.
1899 3617 2055 3677 Inst.
2101 3619 2207 3692 ΙΙ,
2254 3614 2281 3697 §
2332 3614 2453 3696 59,
2496 3609 2632 3686 60,-

525 3723 580 3785 J.
632 3722 701 3783 G..
749 3722 1022 3785 Conradi
1071 3726 1318 3782 exercit.
1357 3722 1434 3783 de
1476 3734 1667 3804 pacto,
1699 3722 1939 3797 fiduciae
1980 3725 2294 3784 exercitat.
2329 3724 2359 3782 I
2386 3769 2402 3794 ‚
2451 3731 2476 3800 9
2517 3740 2592 3777 20
2617 3765 2633 3792 ,

527 3829 770 3893 exercit.
806 3829 905 3903 11,
949 3827 976 3911 ᾗ
1035 3829 1142 3905 16,
1184 3832 1246 3889 in
1300 3830 1455 3890 edit.
1513 3829 1797 3912 opuscul.
1844 3852 1881 3892 a
1940 3829 2091 3892 clar.
2136 3830 2397 3889 Pel-nice
2440 3827 2632 3894 facta,

527 3932 703 3997 Halis
759 3934 943 4015 1823,
1001 3958 1060 4016 p.
1124 3957 1276 4019 2093
1352 3930 1489 3997 Von
1541 3936 2068 4002 Musckenbroeck
2092 3977 2117 4010 ,
2172 3935 2317 3994 diss.
2373 3933 2452 3992 de
2507 3931 2638 4012 lege

527 4039 946 4107 commissoria
978 4042 1045 4107 iu
1073 4062 1348 4108 namucus
1388 4046 1696 4108 masmae
1741 4064 1904 4111 novo
1947 4061 2278 4106 mssssaur.
2325 4058 2642 4102 summa.
