2893 4778
538 282 685 358 566
863 304 1378 357 comm-mnu
1427 304 1630 357 suns
1684 309 1969 360 nouam
2018 312 2342 364 rmvnx.

537 432 864 501 aridarum
882 441 978 498 est
1010 440 1077 497 et
1107 451 1332 498 earum
1349 478 1368 513 ‚
1411 453 1694 524 quarum
1723 453 1993 526 corpora
2016 434 2292 506 discreta
2321 445 2657 525 manent),

534 549 589 614 si
660 545 923 639 quidem
979 556 1207 613 mutuo
1271 543 1688 614 dominorum
1751 571 2059 618 consensu
2128 575 2228 619 res
2286 554 2658 623 commixta

531 660 689 739 sint,
740 669 813 729 ut
847 656 1249 727 frumentum
1263 708 1280 737 ‚
1314 680 1684 727 communes
1721 672 1914 727 erunt
1943 665 1965 746 (
1991 666 2076 746 1).
2115 660 2191 730 Si
2228 688 2382 733 vero
2413 664 2661 735 volun-

534 783 665 839 tate
713 771 902 838 unius
945 768 1048 839 vel
1104 767 1377 836 fortuito
1423 793 1601 851 casu,
1657 770 2059 840 frumentum
2108 798 2174 843 v.
2237 801 2303 869 g.
2322 828 2339 857 ,
2385 801 2525 846 non
2579 778 2661 848 fit

537 908 875 955 commune
891 937 908 966 ,
936 885 1087 975 quia
1105 881 1357 976 singula
1382 908 1652 976 corpora
1683 886 1756 952 in
1778 910 1892 952 sua
1916 887 2266 956 substantia
2290 889 2559 973 durant,
2586 904 2660 961 ct

531 999 806 1093 proinde
851 998 1126 1091 quilibet
1176 998 1588 1065 dominorum
1644 1023 1831 1067 suum
1896 999 2297 1071 frumentum
2353 1006 2657 1077 vindica-

534 1115 714 1215 tione
769 1126 987 1207 petere
1026 1123 1277 1206 potest3
1327 1135 1477 1180 cum
1532 1137 1684 1181 vero
1728 1113 1982 1206 singula
2041 1141 2313 1210 corpora
2368 1123 2656 1212 separari

536 1210 919 1323 nequeant,
967 1229 1177 1296 officio
1222 1226 1454 1317 judicis
1498 1251 1581 1297 ex
1621 1228 1980 1323 quantitate
2024 1244 2159 1304 tota
2220 1235 2459 1353 cuique
2505 1261 2656 1328 pars

534 1370 659 1438 pro
699 1356 840 1437 rata
878 1340 1302 1431 adjudicanda
1331 1354 1443 1410 est.
1560 1412 1565 1415 ,
1602 1416 1609 1421 .

626 1459 896 1526 Nummi
917 1456 1107 1524 alieni
1150 1469 1365 1524 tamen
1390 1482 1541 1525 cum
1567 1459 1796 1526 nostris
1836 1458 2172 1528 commixti
2198 1462 2413 1528 statim
2445 1464 2654 1532 nostri

536 1570 705 1639 fiunt
725 1570 995 1663 ideoque
1025 1569 1341 1641 vindicari
1369 1594 1503 1637 non
1525 1582 1788 1662 possunt
1806 1622 1823 1652 ,
1847 1570 1957 1638 sed
1979 1571 2232 1640 condici
2268 1572 2504 1642 debent
2525 1580 2647 1663 (2).
2730 1609 2734 1613 <

538 1686 835 1778 Denique
890 1684 1021 1751 huc
1071 1683 1297 1751 referri
1349 1695 1557 1777 potest
1599 1686 1929 1776 acquisitio
1978 1689 2265 1779 capitum
2332 1713 2653 1758 novorum

534 1801 610 1866 in
656 1824 850 1892 grege
894 1799 977 1866 ab
1020 1797 1488 1897 usufructuario
1531 1802 1877 1869 consumtis
1925 1795 2410 1871 substitutorum
2431 1852 2454 1886 ‚
2506 1829 2655 1897 quae

536 1914 751 1982 statim
786 1912 1048 1980 domino
1079 1916 1509 2007 acquiruntur
1555 1913 1727 2001 (3)..
1798 1976 1799 1981 ,

628 2031 779 2096 228.
824 2027 1227 2123 specificatio
1282 2029 1399 2116 (4)
1423 2080 1441 2109 ,
1493 2050 1639 2121 quae
1682 2040 1947 2099 vocatur
1968 2081 1986 2113 ‚
2008 2029 2150 2098 >hac
2188 2033 2434 2099 ratione
2477 2032 2654 2101 inter

536 2150 961 2219 accessionum
1001 2149 1236 2240 species
1281 2147 1509 2214 referri
1549 2171 1726 2240 posse
1765 2147 2023 2216 videtur
2044 2200 2062 2230 ,
2108 2148 2282 2242 quod
2312 2202 2331 2231 ,
2386 2149 2649 2241 quando

534 2263 898 2332 dominium
957 2275 1166 2330 mutat
1197 2314 1214 2342 ‚
1278 2263 1371 2328 rei
1442 2264 1705 2331 materia
1767 2261 2045 2330 formam
2097 2277 2406 2356 tanquam
2455 2265 2649 2356 prin-

543 2377 745 2473 cipale
799 2378 976 2471 sequi
1046 2374 1327 2450 videtur.
1394 2374 1798 2469 Specificatio
1877 2402 2031 2447 vero
2086 2376 2261 2446 adest
2290 2420 2323 2460 ,
2393 2379 2447 2446 si
2504 2380 2648 2473 quis

538 2516 622 2561 ex
667 2492 882 2586 aliqua
924 2516 996 2561 re
1028 2515 1268 2588 novam
1300 2490 1490 2587 plane
1534 2483 1810 2585 speciem
1835 2492 2091 2577 fecerit,
2132 2495 2223 2562 ita
2251 2506 2328 2561 ut
2363 2496 2648 2563 anterior

622 2918 649 3001 (
670 2919 735 3000 ι)
776 2915 972 2980 Adest
1019 2917 1186 2979 enim
1235 2925 1453 2978 mutua
1504 2915 1782 2979 traditio.

624 3076 734 3157 (2)
775 3071 920 3135 Haec
949 3070 1300 3155 'singularis
1361 3071 1685 3156 dispositio
1730 3070 2087 3133 continetur
2140 3065 2191 3131 l.
2231 3066 2313 3154 78
2338 3113 2359 3147 ‚
2394 3023 2638 3146 1246,

542 3182 627 3261 3,
673 3180 803 3264 (de
849 3178 1211 3244 solutionib.
1241 3180 1292 3262 ).

625 3338 734 3422 (3)
777 3337 850 3400 L.
901 3336 1040 3421 69,
1070 3357 1189 3422 70,
1228 3336 1308 3397 D.
1357 3357 1444 3421 7,
1495 3355 1519 3396 ι
1549 3333 1740 3419 ,(ᾶε
1771 3334 2190 3412 usufructu);
2248 3328 2372 3392 hoc
2415 3337 2643 3392 notant

538 3445 735 3528 Heise
775 3458 840 3509 et
868 3465 999 3508 von
1046 3444 1371 3525 Wening,
1412 3440 1442 3526 ᾗ
1481 3382 1582 3504 58

492 3623 502 3651 s
618 3602 839 3688 (4)L.
881 3625 958 3689 7,
997 3601 1143 3686 57,
1180 3602 1261 3663 D.
1306 3600 1434 3661 ih.·
1420 3601 1629 3681 ‚Gaj.
1684 3599 1783 3677 11,
1827 3597 1858 3681 §
1901 3619 2016 3684 79,
2067 3597 2268 3682 925,
2327 3595 2493 3665 1.,11.
2543 3608 2639 3675 t.;

536 3713 834 3785 Pothier·‚
911 3720 1004 3774 n0.
1042 3706 1368 3791 .18.1-189.
1436 3705 1711 3785 Quidam
1766 3716 2050 3770 auctores
2104 3702 2278 3765 illam
2325 3704 2645 3785 propriam

536 3818 1010 3902 acquisitionem
1055 3817 1446 3880 constituunt
1472 3835 1495 3895 ς
1521 3813 1633 3876 alii
1671 3835 1815 3876 cum
1840 3816 2249 3898 occupatione
2288 3809 2464 3876 illam
2489 3832 2648 3876 con-

535 3926 843 4006 jungunt3
887 3923 1080 3986 Heise
1139 3937 1203 3985 et
1242 3943 1372 3987 von
1413 3920 1743 4004 Wem'ng,
1797 3923 1829 4009 ς
1880 3922 2004 4007 393
2052 3917 2307 3998 Haenel,
2376 3919 2644 3982 Dissert-

538 4030 788 4095 laudata
817 4079 836 4116 ,
884 4053 949 4116 p.
1007 4029 1228 4097 50-52.
