2893 4778
816 300 1031 348 menn
1080 299 1164 347 11.
1216 318 1314 334 —
1363 298 1520 348 clu».
1572 297 1671 348 lv.
2204 272 2349 376 507

228 422 462 502 hahet,
524 445 605 488 ex
647 445 777 512 quo
823 434 1150 487 momento
1191 419 1300 487 hic
1342 445 1378 485 a
1416 419 1811 504 debitoribus
1855 415 1927 487 ea'
1958 421 2174 513 exegit
2217 428 2354 505 (1).

228 538 513 605 Pecunia
574 537 749 600 enim
808 533 900 599 ini
964 533 1168 601 soluta
1226 541 1420 626 ipsius
1480 533 1764 628 periculo
1833 547 1927 601 est
1956 586 1973 614 ‚
2021 529 2353 624 'in-cujus

144 733 150 742 ὁ
226 653 628 718 securitatem
681 650 869 716 uxori
924 648 1051 716 hoc
1102 650 1373 741 pignore
1426 662 1712 716 cavetur.
1774 649 1878 715 Ad
1931 648 2082 715 alios
2129 674 2304 716 casus
2328 701 2347 730 ‚

228 767 301 831 in
349 766 580 858 quibus
629 764 800 830 bona
864 762 1356 856 paraphernalia
1430 765 1693 829 maritus
1740 763 2138 830 administrat
2158 815 2176 844 ,
2226 764 2355 831 hoc

227 879 649 971 privilegium
689 877 952 944 extendi
995 902 1128 945 non
1169 876 1384 943 debet.
1419 925 1427 934 -

321 994 380 1060 b.
427 994 676 1061 Eodem
713 992 906 1060 modo
947 998 1133 1059 uxori
1167 992 1537 1084 hypotheca
1572 994 1763 1059 tacita
1801 996 1868 1059 in
1899 994 2087 1060 bonis
2132 993 2350 1060 mariti

225 1129 515 1179 concessa
564 1122 691 1189 est,
737 1087 861 1203 pro
900 1109 1197 1178 solvenda
1239 1110 1582 1177 donatione
1609 1162 1625 1190 ‚
1654 1136 1659 1141 ·
1689 1125 1952 1201 propter
1993 1111 2245 1201 nuptias
2281 1111 2354 1176 in

225 1226 428 1292 causis
476 1226 544 1289 in
585 1225 818 1316 quibus
860 1249 999 1290 eam
1046 1224 1357 1291 lucratur.
1403 1227 1545 1292 Hoc
1588 1226 1829 1316 pignus
1879 1225 2011 1293 vim
2059 1249 2240 1293 suam
2282 1227 2352 1292 in

224 1341 389 1433 ipsas
427 1362 526 1406 res
554 1337 817 1405 donatas
853 1329 1140 1406 ext’endit
1180 1346 1313 1425 (2).

358 1533 390 1616 §
437 1529 554 1596 IX.
598 1529 715 1596 De
761 1528 1026 1622 reliquis
1066 1528 1458 1625 hypothecis
1501 1534 1725 1598 tacitis
1772 1527 2224 1621 generalibus.

319 1717 478 1809 371.
527 1720 826 1813 Superest
876 1735 954 1788 ut
1003 1721 1083 1788 de
1144 1721 1394 1788 duabus
1444 1720 1655 1789 adhuc
1703 1721 2093 1814 hypothecis
2144 1717 2353 1785 tacitis

225 1830 629 1927 generalibus
666 1837 975 1903 dicamuS.
1005 1834 1232 1902 Altera
1266 1836 1484 1904 locum
1524 1836 1719 1902 habet
1769 1841 1839 1902 in
1889 1836 2077 1902 bonis
2119 1832 2299 1918 vidui
2329 1882 2348 1912 ‚

222 1946 329 2015 vel
372 1947 619 2026 viduae,
679 1951 790 2039 qui
840 1948 920 2015 ad
973 1948 1275 2016 secundas
1326 1948 1626 2017 convolat
1663 1952 1952 2041 nuptum,
2006 1961 2348 2041 postquam

223 2057 512 2153 legatum
570 2062 688 2128 sub
746 2062 1115 2130 conditione
1161 2062 1491 2130 viduitatis
1546 2064 1606 2128 ei
1659 2062 1956 2129 relictum
1994 2072 2345 2151 acceperat.

223 2173 599 2244 Introducta
659 2188 752 2243 est
808 2176 1075 2246 Novella
1112 2179 1562 2248 constitutione
1627 2179 1666 2244 J
1672 2177 1975 2243 ustiniani
2036 2182 2054 2259 (
2074 2175 2170 2260 3).
2226 2172 2342 2240 Nil

222 2290 490 2358 interest
530 2305 750 2358 utrum
789 2296 1027 2380 conjux
1066 2290 1536 2383 praedefunctus
1569 2294 1887 2381 superstiti
1933 2292 2190 2381 conjugi
2226 2287 2345 2354 sub

223 2403 349 2471 hac
386 2405 756 2473 conditione
801 2405 959 2498 quid
997 2406 1334 2499 legaverit,
1370 2432 1454 2473 an
1489 2419 1821 2473 extraneus
1863 2410 1996 2492 (4).

317 2519 613 2612 Denique
676 2521 1034 2613 hypotheca
1101 2521 1378 2613 generali
1449 2534 1715 2588 cautum
1779 2533 1872 2587 est
1936 2519 2209 2586 ecclesiis
2268 2519 2342 2584 in

224 2632 413 2701 bonis
461 2634 892 2729 emphyteutae
957 2659 1086 2701 suae
1121 2686 1138 2714 ‚
1196 2661 1277 2701 ex
1340 2648 1667 2702 momento
1724 2659 1853 2727 quo
1911 2633 2104 2721 hujus
2155 2626 2382 2726 culpa·

146 2777 162 2789 s
220 2747 463 2816 fundus
501 2748 779 2816 deterior
826 2750 1029 2818 sactus
1066 2763 1175 2817 est.
1221 2751 1387 2816 Aliis
1422 2750 2137 2843 emphyteuticariorum
2168 2771 2342 2840 prae-

223 2860 481 2930 diorum
519 2862 800 2931 dominis
832 2865 954 2933 hoc
983 2864 1367 2932 beneficium
1398 2890 1536 2933 nou
1563 2865 1869 2956 competit
1907 2864 2044 2948 (5).

309 3111 408 3193 (ι)
453 3111 524 3172 L.
590 3134 652 3171 11
712 3112 779 3172 C.
825 3111 862 3172 5
906 3159 926 3188 ‚
985 3111 1055 3190 14
1097 3158 1116 3189 ‚
1169 3112 1296 3190 (de
1345 3114 1543 3194 partis
1599 3111 1919 3173 conventis
1967 3121 2096 3171 tam
2145 3129 2338 3192 super

221 3216 408 3293 dote,
451 3222 663 3296 etc.);
706 3219 952 3294 Glitck,
1000 3219 1043 3281 l.
1089 3240 1144 3280 c.
1173 3265 1191 3295 ,
1239 3242 1303 3302 p.
1358 3220 1495 3281 123.

311 3326 413 3405 (2)
455 3325 521 3385 L.
586 3345 700 3402 12,
749 3325 777 3407 §
835 3345 915 3401 2,
972 3326 1043 3386 G.
1094 3324 1135 3387 8
1170 3372 1189 3403 ‚
1242 3325 1363 3404 18,
1417 3325 1587 3409 (qui
1629 3328 1863 3410 potior.
1925 3326 1992 3384 in
2043 3324 2339 3412 pign.)·,

219 3429 469 3508 Noodt,
524 3452 681 3515 109,
735 3453 873 3516 cap.
928 3454 981 3493 1.

308 3538 418 3620 (3)
463 3536 617 3597 Nov.
663 3558 782 3611 22,
829 3561 884 3599 c.
931 3537 1067 3617 44,
1108 3539 1137 3623 §
1183 3560 1266 3614 2,
1314 3542 1396 3617 3,
1444 3541 1525 3616 5,
1572 3538 1645 3603 8.

306 3645 418 3728 (4)
464 3644 660 3722 Voet‚
702 3647 780 3706 ad
821 3647 1118 3709 Pandect.
1153 3696 1170 3723 ,
1219 3669 1332 3724 20,
1379 3670 1458 3725 2,
1503 3648 1531 3731 §
1574 3649 1970 3728 233Glic‘ck,
2009 3671 2072 3729 p.
2118 3644 2251 3707 163.

305 3751 412 3834 (5)
460 3752 548 3812 Ex
580 3751 837 3817 Novella
874 3777 906 3839 7
931 3773 965 3835 ,’
989 3776 1044 3816 c.
1090 3756 1168 3831 3,
1206 3755 1235 3839 §
1277 3776 1334 3817 2.
1386 3755 1658 3832 Quidam
1698 3767 1980 3816 auctores
2021 3754 2184 3814 hanc
2229 3752 2341 3837 hy}

217 3858 554 3944 pothecam
603 3872 833 3943 negant
865 3908 884 3935 ‚
942 3862 1196 3944 quidam
1250 3862 1424 3922 illam
1471 3863 1762 3923 omnibus
1815 3863 2033 3945 praedii
2078 3861 2339 3944 emphi-

218 3968 440 4029 teutici
502 3967 772 4034 dominis
834 3969 1202 4034 concedunt.
1284 3969 1452 4032 Vide
1508 3970 1710 4034 Glio‘ck
1751 4019 1770 4050 ,
1855 3993 1917 4055 p.
1997 3968 2110 4053 196
2151 4014 2174 4045 ‚
2279 3979 2345 4030 et

213 4077 292 4142 Τ.
341 4077 541 4157 vm,
586 4102 650 4162 p.
698 4078 838 4158 541.
