2893 4778
982 292 1506 384 m'rnontrc‘rio.
1547 367 1567 394 .
1988 300 1994 307 ’
2207 342 2246 412 7
2264 340 2291 388 1

184 457 524 524 auctoritas
566 468 759 547 atque
804 452 1090 523 utilitas·
1125 481 1322 546 quare
1367 462 1806 548 cujuscunque
1845 455 2080 522 e1uditi
2116 460 2304 545 juris⁴

192 571 455 645 consulti
498 572 797 649 interest,
835 594 985 638 eum
1019 571 1288 638 Basilica
1319 597 1496 663 posse
1528 559 1851 655 consulere
1886 578 2027 656 (1).

270 684 682 777 Pei-plurima
721 683 1080 775 fragmenta
1122 698 1305 750 antea
1335 684 1666 776 deperdita
1695 710 1728 750 e
1758 685 2086 752 Basilicis
2068 711 2138 751 m
2161 660 2322 775 coi--

189 823 336 890 pore
414 823 519 887 1¹1¹
521 824 576 864 is
636 799 1003 887 justinianei
1065 801 1354 866 restituta
1413 798 1606 866 fuisse
1619 845 1646 881 ,
1699 804 1829 888 jam
1885 811 2070 867 antea
2122 814 2306 868 nota-

190 914 386 989 vimus
429 920 566 997 (2).
1649 997 1657 1003 ‚
1891 924 1894 929 ’
2073 986 2078 991 ,
2217 1000 2224 1009 ³

270 1029 539 1094 Renatis
569 1027 766 1094 literis
793 1029 1071 1119 antiquis
1098 1078 1116 1108 ,
1163 1027 1582 1095 Basilicorum
1623 1027 1774 1094 libri
1801 1051 2061 1120 quoque
2090 1027 2306 1122 colligi

194 1144 370 1234 coepti
419 1156 609 1223 sunt,
639 1141 831 1234 idque
870 1144 1269 1234 potissimum
1321 1144 1391 1208 in
1437 1140 1661 1209 Gallia.
1735 1141 2001 1208 Codices
2051 1169 2311 1209 manus-

195 1259 368 1348 cripti
414 1282 524 1323 eos
561 1258 957 1325 continentes
986 1258 1056 1321 in
1093 1255 1442 1331 Occidente
1474 1255 1646 1321 allati
1688 1269 1835 1322 sunt
1858 1308 1877 1336 2
1923 1280 2137 1323 everso
2192 1250 2326 1349 per'

195 1371 430 1438 Turcas
471 1371 848 1439 Graecornm
895 1372 1187 1463 imperio.
1229 1370 1367 1460 Qui
1402 1369 1643 1436 fuerint
1688 1369 2109 1457 jurisconsulti
2146 1397 2314 1463 quo-

196 1509 329 1551 rum
392 1484 611 1552 studio
672 1483 769 1551 illi
820 1484 969 1551 libri
1018 1484 1262 1578 publici
1307 1486 1466 1573 juris
1520 1484 1670 1550 facti
1721 1498 1868 1550 sunt
1912 1485 2076 1550 infra
2137 1485 2311 1552 dice-

199 1625 322 1666 mus
345 1601 461 1684 (3).
480 1600 737 1667 Parisiis
753 1592 1041 1677 demum,
1071 1624 1240 1666 anno
1274 1600 1436 1690 1647
1457 1651 1474 1678 ‚
1502 1625 1654 1666 cura
1678 1599 2019 1668 Annibalis
2041 1600 2308 1668 Fabroti

200 1715 259 1779 in
313 1714 447 1782 VII
525 1710 957 1781 voluminibus
1008 1710 1278 1787 Basilica
1353 1716 1521 1805 typis
1576 1738 1805 1780 excusa
1871 1713 2304 1806 prodierunt3

200 1828 292 1895 sed
342 1829 657 1898 XXXVI
700 1841 953 1900 tantum
1010 1826 1160 1896 lzbri
1224 1852 1446 1897 eorum
1507 1830 1743 1921 integri
1775 1880 1792 1910 ,
1848 1831 1977 1899 VII
2030 1829 2139 1894 alii
2194 1826 2320 1924 per¹

202 1956 395 2035 partes
432 1993 449 2023 ‚
508 1966 591 2007 ex
637 1942 835 2029 XVII
878 1941 1136 2033 reliquis
1180 1943 1436 2033 nonnisi
1479 1940 1843 2034 fragmenta
1881 1942 1988 2009 illa
2026 1943 2307 2012 editione

208 2057 726 2143 continebantur.
774 2055 1018 2127 Addita
1071 2065 1164 2124 θεῖ
1216 2059 1273 2121 ei
1320 2054 1520 2124 latina
1576 2062 1771 2124 totius
1820 2058 2028 2149 opeiis
2080 2060 2304 2126 versio.

205 2170 385 2237 Anno
432 2170 647 2263 1752
627 2193 697 2234 1n
724 2170 1054 2235 Thesauro
1085 2150 1489 2237 Meermanni
1528 2169 1606 2234 C.
1633 2170 1805 2237 Guil.
1839 2171 1997 2237 Otto
2025 2171 2307 2238 Reitzius

203 2282 709 2377 supplementum
744 2281 912 2349 illius
944 2283 1239 2357 editionis
1264 2284 1617 2376 publicavit
1635 2283 2182 2377 comprehendens
2211 2265 2316 2356 IV*

203 2396 383 2468 libros
458 2399 601 2484 (4).
652 2400 733 2465 In
790 2398 1069 2486 ejusdem
1108 2401 1337 2470 Reitzii
1388 2388 1670 2478 editione
1724 2393 2079 2496 Theophili
2121 2427 2313 2492 para-

204 2515 435 2607 phrasis
463 2566 483 2593 ,
514 2512 690 2580 tituli
734 2516 924 2605 graeci
955 2512 1035 2584 de
1076 2515 1422 2584 verborum
1456 2513 1921 2606 significatione
1959 2527 2024 2580 et
2072 2513 2151 2580 de
2207 2501 2326 2580 re·-

207 2628 355 2720 gulis
393 2630 553 2716 juris
584 2652 842 2720 quoque
883 2628 1189 2719 publicati
1228 2630 1392 2698 sn'nt.
1435 2629 1678 2722 lnteg1·i
1718 2641 2047 2696 servantur
2094 2652 2313 2726 omnes

203 2743 616 2815 Basilicorum
654 2739 811 2817 libri
850 2744 922 2816 in
949 2742 1557 2838 bibliotheca'regia·
1580 2743 1914 2814 parisiensi
1954 2744 2085 2833 (5),

202 2932 2305 2973 ---.-----,---.-.----------------..,-.

280 3063 385 3143 (1)
414 3061 584 3123 Vide
617 3063 685 3122 in
711 3062 981 3123 Suaresii
1009 3060 1228 3125 notitia
1263 3059 1513 3125 Basilio.
1535 3072 1757 3122 ‘notam
1775 3059 1988 3138 Pohlii
2016 3109 2032 3136 ,
2065 3083 2130 3143 p.
2165 3059 2310 3139 143·

213 3169 385 3250 1154„
424 3180 874 3236 conservantur
925 3172 990 3234 in
1051 3171 1265 3253 paucis
1308 3168 1726 3234 bibliothecis,
1793 3168 1868 3232 In
1919 3166 2135 3252 Belgio
2186 3183 2313 3230 nou

206 3294 340 3337 raro
384 3277 799 3338 inveniuntur
833 3275 1240 3339 Basilicorum
1266 3274 1568 3357 exempla.
1699 3265 1702 3268 ¹
2041 3271 2044 3274 ’

280 3384 366 3462 (2)
387 3382 491 3441 An
513 3360 728 3444 omnes
748 3371 1103 3448 Justiniano
1123 3381 1451 3446 tribuenda
1477 3385 1638 3458 sint,
1668 3378 1851 3444 valde
1873 3378 2309 3443 dubitandum.

283 3491 389 3570 (3)
437 3489 791 3565 Suaresius,
819 3487 866 3549 l.
901 3510 955 3549 o.
995 3489 1025 3571 ς
1063 3491 1177 3549 3ο-
1184 3491 1279 3550 33.
1334 3490 1427 3549 Dc
1474 3488 1646 3549 hisce
1693 3489 1946 3548 disseiit
1991 3486 2314 3569 Hoepfner

210 3596 271 3657 in
330 3596 659 3679 Hugoni3‚
711 3596 923 3660 Οἰνίῐ.Ι
940 3571 1281 3677 Μαςαείη,
1330 3597 1406 3663 T.
1458 3596 1560 3671 II,
1598 3618 1661 3683 p
1720 3594 1837 3661 383
1894 3606 1956 3657 et
1998 3615 2138 3677 seq.
2172 3615 2315 3657 cum

212 3710 364 3770 notis
406 3719 470 3768 et
517 3706 959 3769 additamentis
1000 3706 1301 3789 HugoniS.

283 3813 390 3896 (4)
435 3816 826 3878 Meermanni
867 3813 1151 3879 'Ihesaur
1195 3815 1273 3874 T.
1332 3813 1412 3874 V.
1456 3814 1611 3875 Ties
1656 3812 1802 3873 libri
1849 3811 2074 3893 integri
2121 3824 2310 3889 sunt,

216 3922 466 3998 scilicet,
508 3920 623 3985 lib.
676 3919 795 4003 49,
847 3920 968 3997 50,
1020 3920 1140 3996 51,
1190 3921 1297 3982 sed
1334 3919 1450 3983 52
1449 3941 1739 3997 mancu53
1781 3920 2111 4002 separatim
2156 3861 2314 3984 editi

217 4039 346 4089 sunt
381 4028 449 4088 hi
491 4027 646 4090 libri
665 4027 951 4109 Lugduni
992 4028 1395 4107 Batavorum,
1435 4048 1600 4092 anno
1643 4027 1838 4114 1765,
1882 4049 1905 4089 1
1940 4050 2003 4091 v.
2044 4025 2148 4091 fol.

286 4135 390 4220 (5)
441 4134 700 4198 The'mis
727 4181 746 4213 ‚
787 4134 864 4196 Τ.
910 4134 958 4196 Ῑ.
1000 4156 1066 4218 p.
1108 4133 1246 4197 205.
