2893 4778
856 313 1073 365 LIBER
1113 296 1176 365 ἰ.
1233 322 1329 349 -··—
1380 314 1538 364 CAr.
1591 311 1675 363 11.
2186 287 2342 389 ‘175

210 439 451 510 relictae
488 451 642 534 sunt
681 439 1049 532 aequitatem
1082 439 1263 529 sequi
1307 429 1568 526 jubetur
1600 440 1633 520 f(
1658 462 1678 502 1
1705 441 1754 521 ).
1803 433 2154 527 Nunquam
2190 458 2346 502 vero

211 583 250 622 a
309 555 451 648 lege
493 553 881 647 generaliter
922 551 1170 645 aliquid
1214 555 1535 617 sanciente
1573 574 1751 626 mera
1807 551 2123 642 aequitatis
2149 571 2332 620 ,con-

209 685 339 739 tem
345 670 630 764 platione
667 665 960 735 recedere
999 670 1058 734 ei
1103 665 1322 733 licebit
1370 671 1445 750 (2
1466 669 1508 749 '-

949 818 1383 896 CAPUT
1486 820 1600 893 Π.

261 1007 359 1056 DE
413 999 753 1053 Pssnsoms
779 1031 799 1066 ,
868 999 1401 1070 munus-run
1455 999 1548 1049 ΕΤ
1601 998 2089 1051 nmmmnu‘ru
2149 973 2288 1077 (5).

211 1155 296 1221 Δ.
381 1152 505 1219 De
567 1151 880 1243 personis
949 1171 1305 1242 earumque
1383 1148 1811 1215 distinctione
1885 1165 1956 1215 et
2026 1162 2198 1230 natu
2266 1156 2341 1217 in

1095 1282 1484 1328 universum.

306 1409 414 1478 31.
459 1406 754 1505 Personae
797 1403 1180 1475 vocabulum
1222 1402 1462 1498 duplici
1501 1429 1685 1472 sensu
1721 1378 2036 1499 accipitur
2070 1435 2087 1474 ε
2131 1402 2328 1503 vulgo

215 1524 394 1589 enim
443 1545 666 1588 omnes
710 1513 1000 1586 homines
1044 1543 1330 1611 personae
1375 1519 1805 1612 appellantur
1826 1519 1978 1607 (4);
2021 1524 2333 1590 strictiori

215 1661 367 1705 vero
403 1634 872 1727 significatione
898 1683 915 1714 ‚
961 1657 1228 1726 persona
1265 1645 1359 1700 est
1379 1679 1406 1713 ,
1458 1636 1565 1699 cui
1609 1638 1749 1721 jura
1793 1645 2153 1727 competere
2182 1661 2340 1729 pos-

217 1763 366 1816 sunt
409 1748 555 1834 (5).
611 1746 860 1817 Idcirco
924 1771 1053 1813 non
1114 1745 1229 1813 soli
1267 1747 1561 1814 homines
1586 1798 1603 1829 ‚
1663 1749 1777 1839 qui
1821 1748 1944 1815 hac
1993 1753 2341 1842 capacitate
2401 1730 2405 1733 ,
2456 1766 2471 1786 ³

221 1860 505 1955 gaudent
550 1861 665 1947 (6)
706 1884 989 1954 personae
1035 1859 1162 1926 dici
1199 1857 1436 1927 debent
1461 1913 1480 1941 ‚
1525 1881 1751 1928 verum
1781 1875 1846 1930 et
1893 1887 2084 1930 omne
2121 1860 2296 1930 aliud
2316 1907 2337 1943 ,

221 1980 395 2074 quod
426 2005 716 2075 personae
754 1980 971 2048 locum
1029 1985 1101 2047 in
1139 1983 1279 2070 jure
1317 1982 1607 2048 sustinet.

309 2096 481 2162 Sunt
507 2119 666 2188 ergo
702 2093 835 2161 duo
865 2118 1278 2188 personarum
1307 2118 1542 2187 genera
1566 2121 1586 2178 3
1616 2093 1912 2161 homines
1947 2094 2184 2162 scilicet
2206 2097 2345 2188 ipsa

219 2222 450 2275 natura
483 2233 764 2302 personae
803 2211 1107 2276 institutae
1132 2259 1149 2290 ‚
1202 2210 1442 2302 quippe
1482 2233 1756 2301 quorum
1792 2212 1995 2301 gratia
2028 2189 2126 2298 jus
2157 2235 2343 2277 cons-

220 2324 494 2392 titutum
535 2336 630 2391 est
661 2325 771 2417 (7)
794 2373 812 2407 ,
849 2336 915 2392 et
956 2348 1046 2392 eae
1069 2375 1086 2408 ‚
1126 2347 1270 2416 quae
1306 2322 1438 2391 sola
1464 2322 1618 2411 juris
1657 2320 1914 2391 fictione
1948 2326 2336 2409 consistunt3
2414 2341 2417 2348 ’

304 2587 420 2669 (ι)
465 2586 539 2647 L.
587 2607 712 2669 90,
769 2583 1017 2648 183.D.
1066 2583 1178 2662 50,
1246 2606 1338 2669 ¹7·
1389 2584 1509 2666 (de
1557 2605 1612 2646 r.
1660 2587 1762 2669 j.)
1800 2583 1843 2649 l.
1893 2583 1980 2662 8,
2030 2584 2099 2648 C.
2141 2587 2224 2662 3,
2282 2607 2334 2646 1.

226 2692 349 2776 (de
382 2693 699 2777 judiciis).
730 2693 824 2753 De
860 2695 1150 2776 aequitate
1178 2693 1243 2754 in
1264 2693 1749 2776 interpretandis
1772 2691 2011 2776 legibus
2032 2688 2368 2757 servanda'

219 2825 282 2866 v.
336 2825 400 2863 n.
450 2822 568 2884 19,
627 2812 776 2862 nota
817 2800 922 2883 4).

307 2911 415 2994 (2)
458 2909 530 2970 L.
587 2930 665 2985 1,
708 2908 780 2969 C.
830 2903 925 2985 14.
967 2906 1081 2989 (de
1135 2906 1391 2990 legib..)

307 3022 416 3101 (3)
461 3021 621 3081 Inst.
695 3037 773 3097 1,
835 3005 923 3096 3,
983 3015 1103 3099 (de
1161 3020 1298 3100 jure
1358 3016 1849 3099 personarum„
1894 3017 2043 3101 Dig.
2110 3038 2185 3096 1,
2252 3016 2339 3094 5,

222 3128 345 3209 (de
382 3137 552 3189 statu
579 3124 949 3206 hominum)
991 3134 1056 3185 et
1096 3145 1225 3206 seq.
1252 3144 1274 3202 3
1299 3123 1554 3185 Donelli
1582 3125 2048 3201 commentarii,
2089 3122 2204 3187 lib.
2245 3127 2340 3206 11,

223 3259 277 3298 c.
304 3257 347 3319 9
365 3246 429 3296 et
443 3252 599 3319 seq.;
621 3233 907 3309 ΤΙιίὂαιιι,
924 3235 1181 3312 System.
1191 3280 1208 3309 ,
1231 3230 1260 3315 §
1278 3250 1389 3315 207
1402 3230 1941 3316 -24638012weppe
1960 3233 2347 3297 private-eche

224 3343 254 3427 ᾗ
302 3344 382 3406 58
399 3343 549 3422 -833
582 3342 777 3404 Hez’se
816 3353 879 3402 et
917 3362 985 3401 v.
1040 3339 1361 3420 Wem'ng,
1410 3339 1766 3416 Lehrlmch,
1798 3338 1828 3421 §
1870 3339 2124 3422 75-108.

305 3448 413 3534 (4)
456 3451 531 3513 L.
566 3471 642 3527 2,
673 3451 754 3512 D.
795 3471 819 3511 ι
848 3496 871 3524 ,
905 3446 942 3511 5
972 3445 1075 3527 (h.
1107 3448 1220 3527 t.).
1257 3446 1338 3508 D.
1372 3446 1496 3524 50,
1532 3467 1600 3530 ¹7
1634 3444 1820 3527 (del.
1853 3466 1953 3508 22.
1987 3450 2108 3529 jur.
2131 3449 2176 3528 ).

307 3558 419 3641 (5)
473 3557 874 3620 Recentiores
935 3575 1268 3640 personam
1333 3550 1707 3616 scholastice
1762 3554 2110 3637 subjectum
2183 3556 2336 3638 juris

217 3666 560 3729 definiunt.

306 3773 418 3855 (6)
463 3774 694 3838 Servus
710 3773 901 3856 igitur
922 3748 1257 3854 personam
1278 3789 1404 3831 non
1433 3766 1647 3832 habet.
1681 3768 1752 3830 L.
1786 3788 1895 3846 20,
1924 3768 2036 3852 ς’).
2059 3768 2139 3830 D.
2166 3766 2279 3850 28,
2311 3788 2348 3845 1:
2464 3800 2467 3807 =
2526 3812 2535 3819 .

223 3880 335 3964 (de
372 3881 822 3964 testamentis).
879 3876 1282 3961 Theophilus
1325 3875 1506 3937 illum
1554 3881 1873 3955 &xp-enm,
1919 3874 2219 3958 appellat.

305 3991 420 4075 (7)
464 3989 498 4075 §
544 4009 637 4051 12.
685 3988 739 4051 1.
791 4002 816 4049 1
850 4029 872 4066 ,
907 4007 944 4047 2
988 3986 1106 4068 (de
1141 3986 1261 4067 jur.
1307 3994 1484 4063 nat„
1528 3992 1739 4066 germ,
1780 3980 2070 4068 etnim).
