2893 4778
573 319 672 411 46
744 364 747 365 f
898 342 1408 406 comum-run
1457 340 1662 389 sums
1712 319 1994 391 nomm
2043 338 2361 398 PMVA'I'I·

1449 512 1478 598 ς
1553 510 1803 577 XXIII.

1357 697 1658 769 Novellae
1734 701 1755 783 (
1780 721 1800 763 ι
1825 707 1876 787 ).

670 916 696 959 ι
711 944 723 957 .
744 890 907 958 Sunt
918 889 1000 957 N
990 885 1215 955 ovelloe
1229 888 1712 954 constitutiones
1725 908 1878 977 quas
1892 884 2276 952 Justinianus
2284 898 2426 978 post
2437 883 2688 978 perfec-

572 1021 664 1076 tas
681 1006 961 1097 corporis
974 1003 1125 1090 juris
1147 1013 1354 1091 partes
1369 1023 1449 1064 ex
1469 1023 1638 1065 anno
1655 997 1781 1063 535
1799 997 1879 1064 ad
1898 1024 2141 1063 annum
2160 999 2284 1066 565
2309 1000 2683 1091 publicavit.

662 1146 720 1187 2.
754 1121 869 1184 Hae
894 1117 1369 1185 constitutiones
1387 1164 1404 1194 ,
1443 1127 1754 1204 quatenus
1783 1137 1885 1177 eas
1926 1114 2298 1203 originarias
2323 1115 2632 1190 habemus
2657 1164 2677 1195 ,

568 1236 833 1327 integrae
854 1284 871 1309 ‚
916 1244 993 1296 ut
1038 1228 1376 1320 publicatae
1419 1240 1636 1307 erant,
1685 1237 2141 1315 conservantur
2184 1253 2335 1294 cum
2375 1229 2714 1324 omnibus‘

570 1348 880 1438 Prologz's
915 1357 982 1409 et
1019 1342 1351 1434 Epilogis.

659 1463 719 1528 3.
744 1462 1008 1550 Scriptae
1026 1469 1172 1522 sunt
1196 1455 1489 1548 plurimae
1514 1454 1930 1521 Novellarum
1952 1479 2152 1547 graeca
2173 1453 2394 1545 lingua
2414 1458 2444 1538 ς’
2460 1453 2681 1521 latinae
2743 1528 2750 1537 ,

566 1587 716 1642 sunt
742 1586 995 1638 tantum
1029 1572 1198 1638 Nov.
1233 1593 1312 1659 9,
1354 1594 1419 1636 11
1454 1619 1471 1649 ‚
1512 1567 1637 1647 23,
1676 1568 1798 1650 33,
1830 1569 1952 1653 34,
1985 1570 2068 1637 62
2100 1623 2116 1650 ,
2149 1569 2270 1648 65,
2317 1592 2470 1649 111,
2508 1562 2677 1653 1433

566 1703 838 1780 utroque
864 1710 1154 1752 sermone
1185 1685 1418 1749 emissae
1450 1681 1731 1749 Novellae
1768 1708 1841 1774 17
1871 1697 1935 1750 et
1962 1684 2069 1750 68.
2117 1666 2484 1751 Secundum
2520 1681 2684 1750 alios

566 1801 779 1871 latinae
814 1814 1066 1868 tantum
1102 1800 1335 1864 emissae
1369 1794 1650 1863 Novellae
1672 1849 1688 1878 ‚
1739 1797 1856 1877 36,
1903 1799 1983 1888 37
2006 1803 2049 1877 ,“
2085 1822 2107 1861 ι
2131 1822 2151 1862 1
2177 1822 2226 1861 1.

659 1918 722 2001 4.
750 1917 1070 1982 Habemus
1110 1914 1228 1980 168
1250 1908 1543 1978 Novellas
1561 1911 1630 1974 in
1658 1912 2010 1978 novissimis
2048 1911 2326 2002 corporis
2347 1911 2505 1997 juris
2535 1908 2683 1976 edi-

520 2036 526 2041 ’
567 2036 850 2102 tionibus
889 2038 996 2117 (2).
1034 2030 1376 2096 Justiniani
1422 2039 1672 2093 tantum
1704 2042 1851 2095 sunt
1897 2029 2057 2110 1603
2112 2028 2284 2095 Nov.
2344 2027 2635 2113 140—144
2659 2077 2679 2107 ‚

572 2150 807 2217 Justini
849 2148 913 2211 Π
956 2158 1139 2227 sunt3
1200 2144 1362 2210 Nov.
1415 2137 1531 2209 161
1556 2193 1572 2221 ‚
1635 2142 1787 2223 163,
1839 2143 1990 2227 164,
2038 2143 2290 2209 Tiberii
2339 2144 2440 2229 H3
2503 2143 2677 2212 Nov.

581 2260 1050 2353 166-167-168
1085 2286 1123 2326 a
1164 2259 1482 2339 Praefectis
1515 2261 1826 2333 Praetorio
1859 2250 2097 2325 emissae
2141 2260 2269 2345 (3).

1437 2482 1468 2569 §
1545 2478 1800 2546 xxiv.

571 2663 689 2730 De
738 2675 957 2729 mutua
990 2666 1276 2754 partium
1317 2675 1385 2727 et
1432 2659 1720 2728 locorum
1781 2667 2072 2756 corporis
2121 2665 2304 2755 'juris
2367 2665 2544 2730 inter
2599 2688 2680 2730 se

1388 2779 1647 2841 ratione
1702 2776 1846 2859 (4).

659 2961 758 3029 De
787 2976 1008 3031 mutua
1034 2961 1425 3055 singularum
1448 2966 1727 3054 corporis
1757 2966 1910 3051 juris
1937 2965 2185 3029 romani
2201 2965 2484 3055 partium
2508 2964 2686 3031 inter

570 3098 634 3144 se
671 3085 914 3143 ratione
970 3090 1035 3143 et
1084 3076 1163 3142 de
1216 3077 1548 3143 contrariis
1589 3074 1739 3142 locis
1788 3073 2197 3141 conciliandis
2232 3100 2367 3142 non
2407 3102 2535 3164 una
2583 3090 2686 3144 est

655 3346 758 3426 (1)
801 3345 1287 3427 Spnngmzlwrg,
1311 3365 1370 3427 p.
1396 3342 1618 3429 72—86.
1650 3344 1904 3405 Berriat
1926 3344 2018 3404 St.
2026 3342 2256 3417 ·'‚Przx
2280 3367 2343 3426 p.
2381 3365 2675 3428 177-191.

654 3452 760 3532 (2)
806 3451 1005 3511 Variae
1043 3450 1312 3515 Novellae
1350 3473 1462 3533 per
1489 3454 1790 3534 epitomas
1833 3461 2074 3511 tantum
2108 3451 2287 3512 nobis
2317 3462 2472 3511 notae
2504 3462 2682 3514 sunt.

651 3559 755 3639 (3)
798 3556 1103 3619 Tabulam
1163 3558 1665 3640 chronologicam
1726 3556 2125 3621 Novellarum
2180 3557 2370 3619 habet
2416 3558 2684 3626 Berrzat

569 3665 917 3741 :Sa-Prin,
965 3687 1028 3747 p.
1064 3664 1381 3750 368-370„

654 3769 757 3852 (4)
790 3771 1207 3853 Comparandi
1242 3783 1524 3832 auctores
1555 3772 1887 3853 germanici
1915 3772 2323 3831 recentissimi
2368 3771 2430 3831 T
2420 3770 2679 3850 lzibaut,

575 3876 618 3935 l.
664 3878 830 3937 civil.
866 3878 1153 3937 Alaband.
1185 3878 1553 3959 Heidelberg
1575 3925 1591 3954 ‚
1635 3876 1821 3955 1814,
1846 3891 1934 3938 n0.
1959 3876 2021 3937 6.
2059 3878 2541 3962 Spangenberg‚
2565 3900 2677 3961 op.

575 3985 681 4044 cit.
732 4006 795 4065 p.
849 3984 1134 4068 185-198.
1202 3986 1341 4048 Von
1375 3987 1622 4060 Loehr,
1689 3986 1928 4048 observ.
1987 3985 2064 4047 de
2117 3987 2459 4048 ,Iustiniani
2522 3989 2685 4070 juris

576 4091 1010 4177 compilatione
1036 4138 1054 4169 ,
1103 4095 1170 4153 in
1203 4095 1334 4177 ejus
1372 4094 1714 4173 Magazin,
1759 4094 1836 4156 Τ.
1883 4094 1919 4156 3
1944 4138 1961 4171 ,
2003 4115 2068 4175 p.
2131 4091 2425 4177 177—215.
