2893 4778
457 341 575 440 viij
1156 326 1159 331 ’
1241 354 1609 409 PRAEFA
1637 354 1849 412 2²10.

553 483 859 562 Nullum
914 497 1157 557 autem
1210 483 1381 555 novi
1434 480 1738 555 latinum
1798 481 1974 580 juris
2025 483 2313 557 romani
2362 507 2574 558 com—

458 607 813 714 pendium
881 601 1104 707 paulo
1136 697 1140 702 .
1167 602 1480 709 amplius
1513 658 1532 690 ,
1601 601 1818 704 quod
1887 618 1961 678 et
2018 603 2377 679 docendae
2446 626 2573 679 ra-

458 733 646 806 tioni
669 755 709 804 a
734 755 851 802 me
871 741 1186 825 receptae
1213 726 1596 801 conveniat
1621 781 1640 813 ,
1669 741 1792 801 aut
1815 725 1954 800 tale
1979 727 2111 816 sit,
2139 752 2292 829 quo
2310 724 2568 816 hodie,

456 841 961 929 florentissima
1003 863 1247 922 nostra
1280 844 1696 949 disciplina,
1743 847 2056 948 quilibet
2090 851 2244 924 sine
2282 850 2572 924 incom-

458 973 689 1049 modo
725 973 954 1075 possit
994 969 1100 1046 uti
1159 971 1189 1070 (
1208 992 1233 1044 ι
1258 972 1314 1065 )·.
2534 966 2540 971 “

557 1169 675 1247 Ne
708 1167 890 1271 quid
921 1166 1163 1243 dicam
1199 1165 1293 1240 de
1323 1164 1701 1269 plurimis,
1752 1193 1915 1268 quae
1950 1168 2194 1244 saeculi
2230 1171 2571 1272 proxime

463 1290 692 1393 elapsi
716 1293 929 1375 ,initio
978 1288 1263 1392 vulgata
1303 1304 1507 1378 sunt,
1557 1288 2015 1391 compendiis
2054 1291 2378 1367 barbaro
2416 1319 2572 1367 ser-

462 1438 686 1511 mone
731 1426 806 1487 et
839 1413 1149 1514 pessima
1197 1411 1486 1485 ratione
1532 1394 2017 1514 conscriptis}
2064 1438 2201 1486 nec
2252 1412 2573 1488 melioris

463 1552 656 1614 notae
710 1534 939 1624 libri,
1014 1529 1317 1608 antehac
1380 1532 1477 1607 ab
1533 1531 2027 1608 eruditissimis
2091 1535 2268 1633 juris
2344 1537 2574 1608 inter-

462 1657 794 1766 pretibus
823 1657 1234 1765 ,compositi
1296 1653 1520 1731 hodie
1581 1654 1781 1730 illam
1843 1683 2008 1759 quae
2075 1654 2523 1743 desideratus·
2549 1713 2569 1744 ,

465 1783 765 1859 docenti
813 1796 1156 1885 praestant
1221 1778 1604 1856 utilitatem
1654 1779 1819 1881 (2).

559 1981 819 2056 Latina
851 1981 1051 2055 enim
1072 2034 1092 2069 ,
1116 2006 1279 2082 quae
1300 1980 1667 2069 novimus,
1701 1978 1796 2055 de
1826 1979 1984 2079 jure
2008 1977 2576 2079 romano-hujus-

468 2103 765 2179 cemodi
791 2129 1020 2206 opera
1054 2118 1389 2204 tempore
1406 2104 1682 2208 scripta
1711 2120 1875 2179 sunt
1896 2158 1922 2198 ,
1967 2102 2355 2207 quolonge
2379 2102 2600 2195 aliud?

468 2243 625 2302 erat
674 2224 888 2325 hujus
941 2226 1124 2325 juris
1166 2224 1532 2316 studium,
1569 2228 2028 2330 multumque
2090 2225 2363 2302 diversa
2425 2227 2579 2324 ejus

465 2349 825 2436 institutio
861 2348 955 2426 ab
1017 2348 1139 2425 illa
1186 2376 1399 2452 quae,
1453 2337 1892 2455 post‘tantos
1938 2352 2015 2425 in
2052 2348 2192 2426 hac
2241 2349 2577 2426 doctrina
2650 2410 2652 2413 <

468 2498 934 2576 progressus,
985 2470 1212 2548 hodie
1258 2473 1597 2549 obtinere
1634 2473 1878 2550 debet.
1935 2474 2152 2549 Adde
2196 2474 2402 2578 quod
2440 2474 2581 2550 dis-

470 2600 743 2702 positio
812 2614 886 2674 et
952 2595 1140 2672 ordo
1187 2654 1206 2685 ,
1275 2624 1499 2699 quem
1557 2600 1636 2673 in
1699 2599 1876 2699 juris
1933 2598 2315 2703 disciplina
2379 2616 2578 2674 recte

473 2719 827 2796 tradenda
881 2736 954 2795 et
996 2722 1072 2794 in
1119 2737 1360 2823 partes
1403 2748 1562 2796 suas
1618 2739 1951 2800 accurate
1988 2740 2061 2798 et
2110 2722 2430 2799 dilucide
2474 2721 2586 2797 di«-
2675 2820 2680 2826 ι

378 2903 384 2908 .
476 2842 799 2946 gerenda
843 2870 1011 2919 sana
1055 2847 1225 2920 artis
1270 2860 1642 2948 praecepta
1677 2847 2103 2951 postulant,
2159 2849 2459 2922 minime
2506 2849 2582 2921 in

479 2968 564 3040 iis
595 2968 1087 3069 reperiuntur.

446 3509 458 3515 ε
568 3425 681 3507 (1)
723 3425 963 3488 Idcirco
1016 3448 1131 3488 nec⁴
1163 3429 1705 3510 praestantissimus
1745 3423 2202 3512 Westenbergii
2251 3413 2594 3502 liber-sine

484 3532 875 3594 incommodo
929 3532 1117 3594 hodie
1161 3532 1446 3594 adhiberi
1504 3546 1727 3617 potest.

572 3649 690 3767 (ζ’)
719 3685 1044 3746 Cum'fere
1081 3695 1283 3746 totum
1322 3683 1443 3744 hoc
1495 3683 1789 3747 volumen
1823 3685 1998 3766 typis
2054 3691 2217 3745 esset
2259 3703 2552 3750 excusum
2575 3728 2596 3758 ‚

489 3771 725 3851 clariss·
782 3790 1300 3854 Miihlenbruchii
1340 3789 1652 3851 Doctrina
1693 3790 2164 3868 Pandectarum
2187 3836 2205 3867 ‚
2265 3789 2387 3850 hoc
2427 3809 2599 3850 anno

490 3900 743 3984 vulgata
765 3949 782 3976 ‚
829 3902 904 3961 ad
950 3924 1045 3964 me
1067 3904 1374 3985 ‚pervenit
1402 3950 1418 3979 ‚
1462 3923 1584 3985 qua
1613 3913 1822 3963 tamen
1850 3902 1983 3985 ipsa
2006 3903 2198 3963 exteri
2241 3923 2369 3962 non
2413 3898 2602 3960 facile

493 4009 589 4067 uti
636 4018 896 4089 possunt
926 4056 943 4082 ‚
986 4031 1124 4068 cum
1170 4010 1233 4069 in
1260 4021 1343 4071 ἐτι
1384 4029 1533 4071 usus
1564 4008 1821 4071 forensis
1871 4010 1937 4071 in
1982 4006 2314 4070 Germania
2355 4008 2595 4088 recepti

500 4114 692 4175 nimia
741 4115 900 4174 ratio
945 4113 1267 4176 habeatur.
2129 4125 2136 4130 ‘
