2893 4778
779 343 786 350 .
907 287 1124 353 mmm
1173 304 1255 352 11.
1308 318 1403 334 —-
1473 301 1631 352 cAr.
1683 301 1768 351 11.
2234 273 2376 372 471
2478 285 2491 297 '

359 424 511 496 332.
555 424 976 493 Fructum-ius
1013 448 1170 518 ergo
1211 436 1280 491 et
1333 426 1625 489 usuarius
1677 426 1816 510 jure
1857 439 1975 488 suo
2031 417 2387 490 excludun-

265 553 408 622 tur,
448 552 502 607 si
535 565 653 633 per
679 539 897 607 decem
936 538 1040 608 vel
1076 539 1311 629 viginti
1342 561 1540 604 annos
1567 535 1743 602 nullo
1778 534 1970 603 modo
2008 521 2170 601 illud
2199 558 2385 600 exer-

266 656 568 737 cuerint3
618 654 808 720 simili
861 651 1055 721 modo
1102 651 1396 741 dominus
1443 652 1694 736 rusticae
1737 650 2073 746 servitutis.
2122 647 2259 714 Nec
2287 647 2384 714 rei

139 777 150 787 ‘
269 768 634 835 servientis
667 766 1003 835 dominum
1054 768 1188 854 ejus
1241 763 1600 830 libertatem
1637 763 1984 854 usucepisse
2003 811 2020 841 ‚
2072 785 2280 853 neque
2312 763 2383 830 in

270 880 445 947 bona
486 859 613 947 fide
670 879 829 945 adeo
862 878 1048 947 fuisse
1093 890 1362 970 oportet.
1403 874 1511 943 Ad
1545 874 1903 942 retinendas
1949 876 2165 967 itaque
2196 875 2385 949 hasce

269 996 604 1060 servitutes
647 975 998 1083 requiritur
1050 983 1269 1058 earum
1332 1015 1498 1057 usus·
1551 988 1686 1078 Qui
1739 1014 1858 1082 pro
1910 1001 2089 1081 parte
2150 1013 2383 1056 usum-

272 1106 560 1174 fructum
604 1119 900 1187 exercet,
943 1131 1062 1199 pro
1106 1119 1285 1200 parte
1310 1103 1587 1172 eundem
1645 1116 1971 1173 conservat
2006 1109 2031 1190 (
2057 1109 2124 1188 ι)
2158 1154 2174 1184 ,
2205 1128 2380 1196 prae-

274 1219 532 1288 diorum
569 1222 897 1288 servitutes
938 1244 1091 1289 vero
1133 1223 1399 1312 integrae
1436 1221 1526 1286 ita
1567 1222 1927 1289 retinentur
1975 1225 2090 1308 (2)
2126 1246 2147 1305 3
2184 1245 2380 1312 quare

273 1346 342 1402 et
388 1360 503 1427 per
537 1359 744 1408 unum
774 1336 1091 1403 sociorum
1132 1335 1423 1402 exercitae
1452 1331 1713 1424 reliquis
1745 1344 2081 1401 servantur
2108 1384 2125 1412 ‚
2172 1357 2381 1425 neque

271 1433 428 1518 itero
477 1473 646 1516 cum-
674 1450 755 1516 ab
789 1473 921 1517 uno
962 1452 1285 1517 variorum
1314 1500 1333 1529 ,
1375 1449 1605 1540 quibus
1650 1446 1917 1529 debetur
1940 1498 1957 1528 ‚
1990 1444 2380 1539 praediorum

273 1560 540 1629 domino
586 1521 904 1653 usufrpatae
934 1560 1194 1626 -fuerint
1243 1561 1385 1645 (3).
1451 1561 1744 1649 Denique
1790 1583 1925 1626 non
1979 1557 2187 1626 solum
2233 1562 2381 1653 ipsis

281 1683 552 1743 utentes
589 1676 935 1742 retinemus
988 1676 1317 1742 servitutes
1344 1724 1360 1753 ,
1396 1672 1506 1739 sed
1536 1673 1729 1754 etiam
1773 1673 1824 1737 si
1870 1672 1951 1738 ab
1989 1671 2113 1740 alio
2162 1686 2379 1741 nostro

273 1791 539 1858 nomine
591 1791 883 1856 exercitae
938 1790 1065 1854 sint
1096 1838 1113 1867 ,
1170 1786 1272 1855 vel
1316 1790 1368 1852 si
1418 1789 1685 1854 servitus
1732 1810 1861 1852 sese
1907 1788 2041 1878 ipsa
2085 1812 2380 1855 exercere

272 1904 435 1973 solet
477 1956 494 1986 ‚
556 1917 630 1971 ut
665 1908 772 1993 ·jus
807 1928 985 1996 aquae
1023 1902 1328 1969 ducendae
1386 1903 1521 1988 (4).
1571 1903 1747 1969 Perit
1800 1914 2014 1969 autem
2064 1904 2328 1970 servitus
2358 1955 2391 1984 „

271 2024 452 2108 cujus
501 2017 906 2085 adminiculis
956 2030 1207 2085 tantum
1259 2017 1356 2080 usi
1401 2039 1619 2096 sumus
1639 2065 1656 2093 ,
1696 2013 1798 2084 vel
1831 2040 2029 2105 quam
2049 2039 2179 2082 non
2206 2030 2377 2084 recte

270 2145 384 2200 aut
418 2135 552 2199 sine
603 2124 818 2198 animo
868 2137 966 2219 jus
989 2143 1297 2196 nostrum
1344 2127 1682 2194 exercendi
1734 2131 2194 2196 exercuerimus
2240 2133 2374 2215 (5).

269 2244 345 2313 Si
384 2255 435 2312 is
460 2299 476 2328 ‚
514 2247 614 2313 cui
653 2248 973 2313 servitutis
1008 2268 1154 2310 usus
1189 2265 1515 2310 concessus
1551 2254 1688 2308 erat
1709 2294 1725 2321 ‚
1774 2241 1950 2308 illam
1980 2223 2367 2334 neglenerit,

265 2360 685 2428 nihilominus
723 2384 798 2426 ea
840 2357 1064 2426 finitur
1099 2411 1116 2438 ,
1160 2369 1389 2451 praeter
1419 2355 1890 2425 usumfructum
1925 2410 1944 2437 ‚
1982 2356 2240 2449 quando
2274 2359 2366 2441 is,

267 2477 383 2568 qui
429 2499 577 2540 eum
615 2472 925 2542 conduxit
961 2525 977 2553 ,
1035 2475 1405 2564 pensionem
1445 2470 1613 2537 illius
1657 2470 1916 2538 domino
1961 2472 2200 2539 solvere
2237 2497 2374 2544 non

266 2562 544 2655 cessabat
598 2590 733 2673 (6).
785 2588 1082 2657 Auctoris
1125 2584 1518 2680 negligentia
1561 2588 1848 2677 sequenti
1907 2582 2130 2677 praedii
2164 2586 2374 2654 domi-

261 2703 477 2768 nantis
507 2703 844 2795 possessori
881 2714 1070 2769 nocet
1110 2707 1185 2792 (7
1204 2707 1253 2785 ).
1289 2701 1582 2768 Personae
1607 2700 1836 2790 quibus
1862 2697 2039 2792 longi
2070 2703 2373 2793 temporis

341 3070 455 3156 (1)
497 3071 569 3134 L.
624 3070 723 3151 14,
774 3090 899 3147 20,
933 3068 1054 3147 25,
1104 3071 1183 3131 D.
1226 3092 1302 3154 7,
1346 3067 1417 3146 4,
1452 3067 1521 3131 h.
1553 3080 1603 3129 t.

345 3179 467 3261 (2)
508 3179 579 3238 L.
623 3198 700 3239 2.
746 3176 794 3237 l.
843 3174 888 3238 8
958 3175 987 3259 ᾖ
1035 3198 1104 3251 1,
1158 3175 1411 3266 [9]).
1453 3172 1680 3251 3,6,
1730 3174 1799 3236 h.
1844 3179 1900 3237 t:

344 3286 451 3369 (3)
497 3288 676 3348 Tunc
713 3283 994 3368 *singulis
1059 3283 1514 3366 negligentibus
1572 3286 1841 3346 servitus
1895 3286 2079 3366 perit.
2142 3283 2366 3347 Plures

255 3395 431 3456 enim
471 3393 681 3456 adesse
755 3402 1086 3454 censentur
1146 3393 1521 3477 servitutes3
1576 3388 1620 3449 Ι.
1698 3389 1773 3450 18
1828 3391 1906 3451 D.
1960 3389 2037 3465 8,
2099 3392 2136 3452 3
2167 3439 2189 3467 ,
2230 3392 2383 3472 (ἀρ’

253 3520 418 3565 serv.
448 3499 635 3582 praed.
672 3502 879 3575 rust.)
915 3520 943 3578 3-
977 3497 1021 3558 l.
1068 3496 1142 3574 6,
1180 3498 1207 3579 §
1246 3520 1267 3557 1
1292 3499 1409 3573 ‚D.
1445 3495 1490 3558 8
1517 3542 1534 3571 ‚
1563 3495 1604 3556 6
1631 3543 1648 3572 ,
1693 3486 1827 3576 (tit.
1861 3498 2027 3569 cit).

344 3605 459 3688 (4)
503 3606 573 3667 L.
611 3627 722 3682 12,
764 3605 795 3688 §
834 3626 908 3683 α,
950 3605 1031 3665 D.
1079 3627 1157 3689 7,
1203 3626 1225 3665 ι
1257 3651 1273 3680 ,
1318 3603 1442 3681 (de
1481 3602 1889 3686 usufructu),
1932 3603 1978 3665 Ι.
2024 3597 2095 3682 5,
2136 3602 2179 3665 6
2214 3627 2359 3688 pn,

249 3704 305 3776 l.
350 3711 548 3790 20-24
573 3760 591 3789 ,
625 3713 705 3772 D.
742 3713 824 3788 8,
865 3711 948 3788 6,
991 3713 1091 3779 tit.
1139 3711 1245 3772 cit.

316 3818 454 3900 (5)
496 3820 567 3879 L.
614 3817 801 3900 10§1
835 3816 935 3895 ,1.
973 3839 1034 3878 11
1066 3839 1198 3899 pn,
1229 3816 1271 3877 l.
1312 3839 1425 3901 17,
1457 3815 1535 3877 18
1563 3839 1705 3900 pr„
1745 3814 1788 3876 l.
1824 3816 2005 3876 25D.
2037 3816 2109 3892 8,
2140 3814 2214 3895 6,
2248 3819 2357 3880 cit.

338 3925 453 4003 (6)
496 3924 567 3986 L.
618 3924 687 3985 15
727 3924 794 3985 in
842 3922 1030 4001 f.,1.
1074 3921 1188 3998 28,
1222 3920 1302 4000 40
1355 3925 1430 3984 D.
1479 3946 1557 4005 7,
1630 3947 1697 4001 ι,
1742 3923 1852 4006 (de
1894 3923 2155 4006 usufr.).

338 4030 448 4117 (7)
487 4032 558 4093 L.
604 4028 900 4115 18,§1‚
946 4030 1028 4093 D.
1076 4028 1156 4109 8,
1196 4028 1425 4114 6,‚tit.
1467 4030 1573 4091 cit.
