2893 4778
882 326 1097 377 mann
1148 326 1201 374 1.
1252 340 1349 359 -—-
1398 323 1557 378 cu».
1609 325 1724 375 111.
2189 287 2334 378 225

225 529 230 532 ,
306 453 513 524 Varia
552 463 772 519 autem
806 450 1239 542 impensarum
1259 473 1512 542 „genera
1547 443 2033 540 distinguuntur
2055 497 2074 529 ,
2117 471 2235 515 nec
2243 473 2339 538 es÷
2386 443 2389 450 '

220 570 395 637 sariae
444 565 685 634 scilicet
715 614 734 646 ,
800 562 987 630 utiles
1033 574 1101 629 et
1152 561 1566 656 voluptuosaev.
1619 585 1690 627 a.
1753 560 2132 629 Necessariae
2185 576 2336 633 sunt

222 686 528 776 impensae
546 732 565 760 ‚
604 678 839 770 quibus
879 701 1014 776 non
1057 676 1238 745 factis
1275 700 1374 743 res
1421 675 1700 744 deterior
1744 673 1962 742 futura
2004 690 2097 743 est
2114 727 2133 758 ‚
2165 676 2339 746 velut

218 800 269 864 si
314 798 458 888 quis
501 793 665 861 aedes
697 790 981 860 ruinosas
1017 790 1328 860 refecerit.
1373 788 1441 856 b.
1484 788 1692 857 Utiles
1723 801 1872 856 sunt
1887 838 1907 870 ,
1944 791 2174 882 quibus
2203 816 2337 860 non

221 911 405 980 factis
434 960 456 991 ,
521 906 799 974 deterior
847 902 1111 996 quidem
1162 928 1260 969 res
1304 925 1439 969 non
1481 914 1618 983 est,
1663 899 1843 969 factis
1887 915 2101 969 autem
2139 903 2339 998 ⁶fruc-

224 1025 470 1093 tuosior
512 1021 785 1088 efficitur
817 1070 834 1100 ‚
887 1016 1087 1087 veluti
1123 1018 1175 1084 si
1218 1017 1361 1109 quis
1398 1015 1651 1085 oliveta·
1672 1014 1774 1110 vel
1821 1019 2036 1085 vineta
2073 1020 2145 1084 in
2182 1044 2341 1111 agro

223 1137 465 1205 feeerit.
523 1156 581 1198 c.
627 1129 1045 1224 Voluptuosae
1102 1128 1376 1221 denique
1434 1126 1740 1198 dicuntur
1764 1181 1785 1211 ‚
1845 1131 2075 1222 quibus
2130 1157 2338 1225 neque

227 1249 471 1318 omissis
486 1245 767 1313 deterior
782 1267 878 1309 res
896 1242 1077 1310 fieret
1089 1294 1107 1326 ‚
1138 1242 1347 1335 neque
1367 1242 1549 1311 factis
1563 1242 1945 1336 fructuosior
1962 1246 2182 1313 effecta
2207 1259 2301 1315 est
2313 1300 2334 1331 ,

230 1362 406 1458 quod
436 1361 653 1431 evenit
690 1360 760 1424 in
795 1356 1147 1439 viridariiS‚
1181 1358 1448 1449 picturis
1466 1409 1484 1437 ,
1509 1356 2157 1455 ‘similibusquqrebus
2203 1367 2225 1448 (
2250 1368 2340 1450 1).

315 1475 660 1568 Quatenus
716 1472 946 1565 aliquis
1005 1470 1189 1539 alteri
1242 1472 1557 1566 impensas
1611 1472 1687 1569 in
1733 1496 1874 1539 rem
1917 1496 2102 1541 suam
2150 1476 2342 1548 factas

165 1607 186 1616 “
231 1594 562 1659 restituere
610 1586 837 1654 debeat
852 1636 871 1668 ,
916 1610 999 1653 ex
1042 1588 1108 1655 vi
1153 1596 1361 1679 atque-
1383 1599 1613 1654 natura
1662 1588 1927 1657 actionis
1949 1638 1968 1672 ,
2019 1614 2148 1682 qua
2178 1616 2341 1659 con-

232 1708 491 1777 venitur
522 1752 542 1787 ‚
590 1700 829 1795 pendet
876 1705 1014 1788 (2).

236 1893 302 1959 B.
344 1892 465 1961 De
512 1885 781 1986 juribus
854 1875 1209 1981 eorumque
1258 1880 1653 1979 dqfferentia
1691 1939 1708 1971 ,
1780 1893 2208 1982 acquisitione
2272 1909 2346 1961 et

1106 2023 1478 2067 amzsszone.

541 2192 596 2278 §
641 2190 693 2258 Ῑ.
753 2190 871 2257 De
920 2191 1007 2256 vi
1049 2202 1247 2280 atque
1292 2202 1532 2255 natura
1563 2192 1787 2277 omnis
1809 2189 2016 2282 juris.

323 2381 435 2448 82.
459 2378 702 2449 Omnia
724 2383 868 2470 jura
882 2431 900 2462 ,
916 2372 1061 2472 qhae
1074 2382 1355 2473 personis
1372 2392 1732 2472 competere
1749 2394 2013 2474 possunt
2025 2433 2044 2463 ‚
2064 2377 2223 2449 illud
2243 2382 2344 2451 in-

243 2480 342 2562 ter.
363 2520 429 2560 se
455 2519 799 2561 commune
830 2494 1096 2573 habent,
1123 2507 1196 2560 ut
1213 2490 1578 2561 facultatem
1610 2492 1936 2587 quandam
1949 2494 2222 2562 faciendi
2243 2495 2346 2566 vel

240 2633 370 2676 non
401 2605 680 2676 faciendi
706 2606 1289 2698 comprehendant,
1324 2605 1582 2699 publica
1614 2611 1936 2676 sanctione
1963 2623 2029 2677 et
2067 2610 2347 2678 civitatis

238 2721 435 2789 tutela
460 2724 813 2806 munitam3
839 2719 1009 2787 unde
1036 2716 1180 2788 fluit
1202 2748 1220 2787 ε
1249 2744 1315 2787 a.
1341 2723 1437 2787 Ut
1462 2746 1651 2788 omne
1673 2727 1772 2810 jus
1790 2710 2068 2815 aliquam
2084 2708 2348 2794 liberta,-

239 2847 373 2902 tem
394 2835 497 2906 vel
521 2835 851 2902 licentiam
872 2834 1100 2927 agendi
1127 2857 1412 2926 personae
1436 2835 1680 2903 tribuat
1701 2887 1719 2914 ‚
1748 2861 1878 2929 qua
1899 2839 1997 2917 uti
2015 2837 2349 2930 potestbvel

237 2974 375 3017 non
392 2977 410 3034 3
435 2974 569 3042 quo
586 2946 747 3017 illud
770 2962 1161 3041 praeceptum
1178 2949 1457 3015 nascitur
1480 2975 1497 3015 ι
1520 2948 1851 3026 „neminem
1869 2955 2013 3044 cogi
2035 2974 2242 3044 posse,
2275 2965 2354 3021 ut

233 3067 376 3151 jure
425 3087 543 3131 suo
588 3075 810 3131 utatur
856 3064 992 3149 (3).
1037 3062 1099 3128 b.
1146 3058 1525 3130 Concedunt
1574 3046 1721 3151 ‘jura
1777 3078 2018 3161 certam
2071 3065 2350 3134 faciendi

322 3311 444 3393 (1)
487 3311 820 3394 Sequimur
863 3306 1207 3391 Ulpianum
1243 3309 1290 3371 l.
1342 3330 1397 3371 c.
1425 3331 1444 3370 ε
1476 3311 1903 3394 comparandae
1948 3322 2098 3374 sunt
2139 3311 2211 3373 L.
2272 3331 2297 3372 1
2326 3357 2348 3388 ,

233 3412 280 3478 l.
320 3417 401 3494 5,
430 3438 529 3500 pr.
558 3417 587 3500 §
618 3415 848 3502 3,1.7,
883 3414 930 3479 l.
958 3414 1071 3495 14,
1100 3406 1360 3504 urb-kt:
1388 3415 1476 3495 3¹·
1502 3436 1616 3501 79¹,
1645 3418 1723 3497 D.
1753 3415 1854 3495 50,
1883 3416 1958 3493 16
1982 3418 2084 3499 (de,
2109 3417 2191 3479 V.
2220 3414 2354 3499 5.).
2394 3406 2399 3415 ’

318 3524 437 3607 (2)
478 3520 742 3606 Regulas
770 3519 1083 3607 generales
1109 3524 1405 3605 proponit
1439 3543 1571 3583 von
1617 3516 1945 3604 Wening,
1972 3524 2028 3584 ,1.
2060 3545 2114 3584 c.
2154 3522 2183 3605 §
2216 3523 2350 3584 123.
2472 3536 2477 3541 ’

235 3629 546 3710 Quaedarn
576 3629 847 3713 explicat
886 3629 1162 3691 Vinnius
1202 3628 1546 3691 in.selectis
1583 3633 1905 3714 quaestion.
1929 3632 2000 3690 L.
2032 3650 2054 3689 1
2083 3651 2205 3706 χο.
2245 3627 2350 3707 24.

319 3735 440 3817 (3)
481 3734 552 3794 L.
601 3734 675 3812 41
718 3782 737 3812 ,
788 3736 870 3796 D.
928 3735 969 3814 4
1000 3783 1017 3813 ,
1060 3732 1103 3813 4
1157 3733 1282 3817 (de
1325 3735 1674 3818 minorib.)
1721 3763 1751 3794 n
1793 3735 2149 3816 Unicuique
2192 3755 2356 3796 con-

229 3855 521 3906 temnere
542 3839 690 3903 licet
715 3863 899 3926 ‚3quae
922 3863 1038 3926 pro
1069 3863 1138 3927 se
1157 3822 1524 3923 *introducta
1553 3853 1725 3917 sunt.
1757 3867 1788 3900 ι»
1836 3842 1906 3903 L.
1939 3861 2020 3924 29
2042 3888 2061 3918 ‚
2113 3842 2183 3903 C.
2217 3862 2287 3919 2,
2312 3842 2352 3904 3

211 3950 371 4034 (de
428 3936 719 4032 pactis);
760 3946 941 4017 Lun-
991 3940 1069 4025 C.
1124 3949 1163 4010 3
1194 3995 1213 4029 ‚
1272 3970 1306 4032 7
1356 3954 1479 4033 (ut
1514 3969 1695 4029 nemo
1752 3948 1990 4040 invitus
2030 3969 2211 4031 agere
2247 3947 2352 4012 vel

209 4077 374 4135 non
406 4073 591 4139 agere
617 4065 877 4140 cogatur
901 4057 974 4139 >3
1015 4052 1059 4119 l.
1078 4053 1151 4119 51
1176 4101 1197 4135 ,
1218 4055 1307 4134 ¹C.
1336 4101 1359 4135 ,
1387 4055 1424 4119 3
1455 4054 1588 4141 (de
1617 4054 1921 4138 episcopis
1942 4066 2003 4116 et
2031 4054 2177 4116 cler.
2199 4059 2258 4139 ).

1924 4192 1925 4197 ¹
1976 4161 2064 4234 15
