2893 4778
480 251 620 330 252
804 271 1318 326 commmunia
1366 271 1571 324 smus
1619 272 1905 324 nouam
1954 273 2271 324 rmum.

476 429 593 486 re,
633 401 745 473 tali
790 401 987 471 modo
1022 402 1192 468 inter
1231 398 1464 494 plures¹
1475 398 1803 467 intellectu
1829 399 2106 470 divisum
2139 412 2267 483 est,
2310 424 2408 468 res
2446 400 2584 494 ipsa

474 542 597 611 pro
632 516 926 585 indiviso
949 516 1028 582 iis
1070 515 1428 584 communis
1465 537 1592 580 esse
1629 510 1866 581 dicitur
1911 518 2045 600 (1).

564 637 677 722 90.
722 634 787 697 A
821 627 1086 723 singulis
1131 627 1421 716 juribuS,
1466 651 1611 720 quae
1647 628 1833 694 nobis
1877 640 2237 721 competere
2270 619 2579 719 possunt,

479 745 956 813 universitatem
991 748 1101 829 (2)
1145 745 1301 831 juris
1335 742 1747 856 distinguere
1758 739 2078 809 dehemus.
2115 738 2234 809 Est
2267 767 2416 809 vero
2450 741 2587 809 haec

478 889 723 934 summa
748 866 989 952 jurium
1007 861 1296 929 omnium
1320 908 1339 938 ‚
1386 884 1531 953 quae
1553 883 1702 928 cum
1727 858 1935 952 aliqua
1954 884 2233 954 persona
2249 863 2591 946 conjuncta

479 993 629 1048 sunt
663 1007 683 1062 ς
736 977 907 1045 unde
947 979 1139 1044 etiam
1187 977 1513 1045 bonorum
1555 976 1655 1045 vel
1711 976 2085 1069 patrimonii
2136 973 2396 1041 nomine
2449 976 2589 1067 sig—

481 1094 797 1161 nificatur.
841 1093 1309 1161 Patrimonium
1336 1087 1622 1159 defuncti
1655 1090 1979 1159 hereditas
1997 1142 2017 1172 ‚
2048 1100 2132 1157 ·et
2156 1112 2437 1183 personae
2470 1088 2594 1155 suh
2715 1151 2723 1157 .

481 1208 689 1277 aliena
722 1217 1026 1301 potestate
1066 1206 1419 1276 constitutae
1437 1257 1454 1290 2
1476 1190 1801 1299 peculium
1822 1205 2193 1300 appellatur.
2236 1207 2276 1271 J
2279 1207 2411 1271 uris
2442 1204 2595 1269 uni·—

483 1322 794 1391 versitatis
824 1319 962 1386 haec
991 1329 1082 1384 est
1119 1320 1212 1385 vis
1252 1331 1446 1413 atque
1478 1331 1710 1385 natura
1739 1370 1756 1401 ,
1802 1330 1879 1385 ut
1914 1321 1988 1384 in
2027 1342 2102 1385 ea
2140 1343 2274 1386 non
2307 1316 2593 1410 singulas

484 1459 618 1516 res,
667 1459 747 1500 ex
794 1433 1027 1525 quibus
1080 1445 1326 1500 constat
1356 1484 1373 1514 ‚
1425 1446 1707 1528 spectare
1739 1431 2082 1500 debeamus
2115 1484 2134 1513 ‚
2192 1431 2303 1500 sed
2352 1434 2593 1520 jurium

489 1549 773 1642 ipsorum
827 1571 1144 1618 summam
1164 1597 1183 1627 ,
1231 1548 1361 1616 sive
1397 1546 1810 1615 commodum
1855 1546 2143 1615 adferant
2164 1549 2243 1614 ‘ei
2271 1544 2356 1613 ad
2397 1571 2593 1639 quem

486 1664 857 1756 pertinent,
914 1670 1045 1729 sive
1088 1654 1399 1727 damnum
1444 1659 1582 1747 (3).
1635 1660 1793 1729 Inde
1830 1660 2289 1753 patrimonium
2330 1658 2598 1747 alicujus

488 1775 662 1843 idem
703 1787 797 1840 est
817 1825 835 1853 ,
876 1772 1143 1866 singulis
1180 1774 1367 1841 rebus
1390 1826 1409 1857 ‚
1464 1798 1607 1867 quaa
1645 1774 1727 1842 ad
1771 1772 1932 1843 illud
1970 1774 2373 1867 pertinebant
2391 1826 2408 1854 ‚
2450 1799 2596 1839 mu-

489 1890 636 1957 tatis
663 1941 681 1969 ,
742 1890 872 1957 sive
931 1886 1108 1955 illud'
1148 1899 1407 1958 auctum
1464 1888 1661 1958 fuerit
1695 1940 1712 1969 ,
1766 1891 1901 1968 'sive
1955 1888 2371 1956 diminutum.
2426 1885 2599 1954 Illud

489 2027 749 2097 quoque
819 2027 901 2069 ex
959 2001 1102 2069 talis
1160 2005 1587 2074 universitatis
1653 2019 1880 2072 natura
1943 2005 2209 2099 profluit
2230 2056 2250 2085 ‚
2313 2004 2600 2098 pretium

485 2120 590 2190 ,rei
620 2143 702 2185 ex
726 2118 1113 2209 patrimonio
1139 2116 1415 2186 venditae
1440 2120 1512 2184 in
1537 2120 1671 2204 ejus
1695 2117 1910 2186 locum
1940 2118 2270 2187 succedere
2287 2168 2306 2198 ‚
2334 2139 2601 2208 remque

491 2257 614 2326 pro
638 2254 716 2299 eo
753 2243 1187 2325 comparatam
1220 2232 1511 2322 pecuniae
1548 2229 1689 2302 loco
1720 2257 1848 2299 esse
1887 2232 2026 2317 (4).
2069 2233 2299 2300 Omnis
2329 2254 2602 2323 persona

475 2349 750 2416 nonnisi
814 2365 1022 2415 unum
1087 2346 1551 2440 patrimonium
1623 2347 1858 2416 habere
1924 2360 2132 2443 potest
2192 2346 2300 2432 (5)
2366 2357 2432 2412 et
2500 2346 2553 2411 is
2581 2394 2602 2426 ,
2641 2386 2649 2395 ·

500 2666 502 2668 ·
577 2644 702 2721 (4)
741 2638 824 2702 V.
868 2638 1008 2703 loca
1046 2660 1233 2724 supra
1275 2638 1527 2706 laudata
1576 2650 1640 2703 et
1675 2641 1746 2704 L.
1795 2639 1872 2703 25
1903 2686 1922 2718 ,
1973 2639 2005 2724 ᾗ
2058 2661 2081 2701 1
2113 2688 2132 2718 ,
2174 2641 2253 2702 D.
2298 2637 2426 2716 50,
2484 2636 2600 2715 16,

471 2746 742 2829 ,(dev.
772 2746 922 2824 S..)
1102 2750 1107 2765 ’

486 2905 492 2912 .
579 2857 704 2933 (2)
748 2851 913 2915 Vide
952 2853 1030 2914 de
1067 2851 1187 2914 hoc
1230 2864 1594 2935 argumento
1636 2854 1886 2917 Archiv.
1913 2858 2049 2937 fut·
2087 2854 2249 2915 civil.
2300 2855 2603 2929 Praxiws·

498 2957 577 3022 T.
618 2958 676 3017 V
696 3000 722 3034 ,
768 2981 833 3042 p.
880 2958 1031 3021 1—68
1074 2966 1372 3038 (auctore
1421 2960 1674 3041 Hasse).

586 3078 704 3158 (3)
747 3078 819 3139 L.
862 3076 1073 3159 δορυ.
1112 3079 1191 3138 D.
1224 3077 1305 3154 5,
1343 3079 1381 3139 3
1433 3079 1797 3158 (dehered.
1830 3081 2091 3161 petit),
2134 3080 2288 3155 l.,1
2338 3079 2599 3162 l..3pr

497 3182 534 3267 §
587 3205 665 3258 1⁴,
710 3187 788 3244 D.
827 3183 968 3267 37‚·
999 3203 1021 3242 1
1073 3182 1192 3263 (de
1223 3183 1371 3244 bon.
1405 3189 1619 3266 poss.)
1648 3204 1671 3263 ς
1701 3185 1745 3247 1.
1784 3208 1806 3246 1
1835 3207 1935 3271 19,
1976 3184 2023 3245 l.
2062 3185 2220 3262 208,
2251 3189 2328 3248 D.
2366 3186 2475 3261 50,
2533 3187 2610 3251 16

504 3289 628 3372 (de
665 3290 744 3351 V.
791 3289 855 3350 S.
881 3291 929 3370 ).
970 3288 1075 3352 AEs
1110 3289 1388 3352 alienum
1418 3337 1435 3366 ,
1479 3313 1604 3374 quo
1630 3291 1793 3354 bona
1829 3303 2168 3375 gravantur
2190 3341 2207 3370 ,
2236 3295 2609 3376 patrimonii

504 3420 647 3481 pars
688 3407 836 3487 estr,
890 3396 1061 3457 unde
1117 3394 1277 3458 illud
1331 3418 1361 3458 :A
1426 3422 1456 3452 οι
1529 3399 1699 3459 Bona
1751 3398 2190 3481 intelliguntur
2242 3402 2545 3482 cujusque
2585 3449 2603 3475 ‚

503 3526 637 3588 quae
663 3503 928 3566 deducto
947 3524 1063 3565 aere
1089 3502 1294 3565 alieno
1322 3516 1677 3585 supersunt.
1706 3532 1735 3561 »ι
1763 3508 1832 3566 L.
1851 3507 1954 3588 39,
1980 3505 2009 3587 §
2048 3529 2101 3582 1,
2119 3509 2194 3566 D.
2218 3507 2318 3580 50,
2355 3506 2429 3568 16
2449 3508 2610 3585 (in).

587 3595 712 3690 (4)
756 3612 969 3687 1..20,
1028 3609 1058 3693 §
1123 3631 1193 3686 1,
1251 3610 1358 3687 2,
1417 3630 1542 3688 ¹23
1606 3610 1801 3687 l.22,
1865 3613 1944 3672 D.
1996 3612 2074 3690 5,
2134 3616 2171 3674 3
2229 3611 2608 3693 (dehered.

507 3720 683 3800 petit.
710 3718 775 3798 );
817 3714 862 3777 l.
922 3737 945 3777 ι
991 3716 1130 3776 inf.
1161 3716 1279 3791 ,C.
1318 3737 1436 3793 12,
1486 3719 1561 3801 37
1607 3717 1724 3793 (de
1755 3721 2052 3780 castrensi
2096 3717 2416 3800 peculio).
2464 3719 2610 3781 Haec

507 3823 722 3907 regula·
767 3833 934 3885 recte
979 3822 1294 3885 intellecta
1329 3844 1478 3887 vela
1514 3836 1656 3901 est·
1697 3826 1959 3887 nimium
1995 3836 2282 3898 extensa,
2324 3825 2500 3886 falsa.

591 3928 709 4012 (5)
749 3929 903 4012 Arg;
926 3929 1007 3994 L.
1043 3930 1163 4008 30,
1203 3929 1354 4014 §1‚
1391 3930 1534 3991 inf.
1573 3932 1657 3995 D.
1666 3951 1811 4015 ,27
1851 3954 1873 3993 1
1911 3931 2439 4012 (deexeusation.
2482 3942 2609 3996 tut.

505 4035 607 4103 vel
659 4039 932 4116 curat.)
1657 4073 1667 4081 ·
2576 4074 2581 4078 ·
