2893 4778
585 292 724 377 154
914 313 1425 370 coMMssNrAnn
1472 317 1671 367 smus
1721 314 2002 365 noxum
2051 315 2371 378 rmum.

575 440 693 507 tali
722 440 859 533 lege
886 443 1281 509 contrarium
1319 440 1546 507 inutile
1582 453 1647 506 et
1665 439 1901 540 nullius
1939 441 2251 524 momenti
2278 439 2696 523 habetat-(1).

578 555 745 623 Aliae
791 581 944 644 vero
990 555 1159 650 leges
1212 556 1538 623 actionum
1586 556 1720 623 v'im
1769 568 1962 647 atque
2019 553 2278 621 effeetus
2328 553 2653 621 definiunt
2679 606 2698 634 ‚

576 669 734 752 dum
795 672 1178 764 permittunt
1229 668 1495 763 singulis
1558 668 1683 735 alia
1738 672 1908 737 inter
1965 694 2030 735 se
2086 670 2384 762 pactione
2439 671 2696 762 privata

576 798 868 852 statuere.
935 785 1107 851 Cum
1171 784 1340 852 istud
1391 784 1610 878 legum
1665 803 1864 877 genus
1913 783 2276 850 naturalem
2342 783 2697 851 hominum

576 898 935 967 libertatem
962 909 1275 977 coerceat,
1311 897 1656 965 dicendum
1683 911 1805 979 est,
1828 901 1897 965 in
1931 897 2131 966 dubio
2164 898 2446 990 aliquam
2478 896 2697 991 legem

576 1013 1010 1107 dispositivam
1020 1014 1526 1108 praesumendam
1541 1040 1688 1082 esse.
1711 1015 1748 1081 J
1752 1042 1867 1082 ura
1879 1028 2092 1109 tamen
2112 1014 2222 1082 tali
2238 1014 2376 1105 lege
2401 1038 2699 1081 concessa

576 1134 774 1197 ceteri
816 1154 1034 1196 omnes
1057 1154 1397 1225 agnoscere
1443 1115 1830 1197 debentnec
1870 1132 2129 1223 impune
2152 1128 2380 1196 laedere
2411 1130 2700 1221 possunt.

678 1268 771 1312 ιι.
817 1246 1070 1338 Legum
1115 1247 1315 1313 virtus
1364 1244 1505 1313 haec
1554 1257 1681 1324 est,
1721 1256 1796 1312 ut
1840 1270 1876 1311 e
1922 1243 2142 1336 regula
2170 1261 2387 1313 omnes
2416 1285 2437 1324 ‚>
2467 1245 2583 1336 qui
2623 1244 2703 1309 in

576 1357 837 1428 civitate
880 1372 1030 1426 sunt
1049 1411 1066 1440 ,
1111 1359 1187 1426 iis
1214 1373 1553 1426 teneantur
1578 1410 1595 1439 ,
1635 1362 1764 1427 sive
1807 1362 1974 1429 cives
2008 1361 2135 1427 sint
2151 1388 2175 1439 ,¹
2201 1362 2333 1427 sive
2352 1360 2704 1451 peregrini.

577 1472 775 1562 Quod
807 1476 1104 1541 statuitur
1138 1477 1251 1559 (2)
1282 1525 1301 1553 ‚
1344 1476 1706 1566 principem
1745 1473 1990 1566 legibus
2024 1498 2149 1541 esse
2188 1471 2464 1540 solutum
2489 1524 2506 1553 ,
2556 1496 2716 1540 non

579 1591 671 1657 ita
728 1588 1173 1683 accipiendum
1222 1602 1316 1655 est
1354 1640 1371 1669 ,
1433 1602 1508 1656 ut
1562 1590 1904 1682 imperanti
1956 1594 2097 1679 jura
2144 1587 2543 1680 singulorum
2568 1585 2705 1654 'vel

578 1703 945 1795 reipublicae
990 1703 1216 1771 laedere
1255 1702 1441 1771 liceat
1476 1732 1494 1785 ς
1537 1703 1644 1771 sed
1678 1704 1797 1771 hac
1841 1717 2053 1772 mente
2089 1731 2106 1770 ε
2157 1728 2307 1769 eum
2350 1727 2483 1768 non
2518 1701 2703 1769 obli-

580 1820 721 1911 gari
764 1818 1009 1910 legibus
1057 1817 1382 1912 publicam
1429 1817 1833 1910 disciplinam
1881 1819 2313 1912 spectantibus
2355 1815 2460 1885 vel
2499 1841 2705 1884 onera

576 1934 869 2026 specialia
916 1936 1176 2027 privatis
1218 1935 1716 2026 imponentibus,
1762 1934 2085 2001 Caeterum
2131 1933 2170 1999 J
2172 1933 2473 1999 ustiniani
2519 1945 2704 1998 tem-

575 2076 734 2142 pore
770 2051 1218 2143 imperatorem
1252 2054 1350 2139 jus
1388 2047 1637 2117 mutare
1675 2074 1757 2122 ex
1791 2074 1904 2119 suo
1939 2050 2204 2118 arbitrio
2236 2027 2554 2143 potuisse,
2614 2071 2706 2115 ex

580 2164 844 2231 historia
887 2159 1286 2233 notissimum
1328 2178 1439 2232 est.
1544 2247 1547 2252 ¹

679 2299 773 2348 12.
816 2279 969 2346 Non
1016 2304 1162 2347 raro
1214 2278 1488 2347 dubium
1529 2292 1624 2347 est
1668 2333 1687 2361 ‚
1748 2278 2097 2347 secundum
2146 2284 2327 2368 cujus
2369 2253 2531 2357 loei‚
2580 2300 2702 2343 seu

668 2553 772 2635 (1)
814 2553 885 2613 L.
928 2551 986 2615 5.
1028 2553 1098 2613 C.
1146 2552 1213 2613 h.
1259 2564 1306 2614 t.
1348 2554 1611 2636 antiquo
1663 2554 1797 2633 jure
1846 2572 2002 2614 rom.
2055 2549 2216 2632 leges
2269 2551 2705 2632 imperfectae,

582 2662 628 2720 i.
693 2680 752 2721 e.
812 2681 941 2721 non
997 2660 1417 2721 rescindentes
1461 2663 1708 2742 negotia
1755 2659 2054 2721 adversus
2091 2679 2193 2718 eos
2249 2668 2566 2718 eontracta
2594 2704 2611 2733 ,
2660 2680 2700 2718 a

582 2767 877 2849 perfectis
902 2814 919 2841 ‚
976 2770 1021 2828 i.
1080 2790 1135 2828 e.
1185 2766 1315 2828 haec
1367 2765 1861 2828 rescindentibus
1923 2765 2491 2847 distinguebantur.
2534 2763 2700 2847 Ulp.

582 2874 802 2957 fragm.
855 2876 957 2938 tit.
1012 2873 1185 2957 prael.
1237 2896 1300 2935 n.
1377 2896 1429 2934 1.
1480 2872 1536 2934 E
1589 2871 1803 2956 regula
1855 2894 2022 2933 nunc
2075 2871 2498 2953 lexperfecta
2558 2883 2701 2952 est3

582 2981 733 3043 inde
773 2980 933 3043 illud
984 3009 1011 3039 a»
1055 2982 1223 3064 quod
1255 2979 1386 3064 lege
1426 2980 1799 3064 prohibente
1843 2981 1948 3053 fit,
1989 2978 2237 3040 nullum
2263 2990 2378 3041 est.
2412 3007 2439 3035 a»

671 3116 778 3200 (2)
822 3117 891 3176 L.
944 3115 1015 3176 31
1048 3160 1065 3189 ,
1112 3116 1190 3177 D.
1230 3114 1297 3174 h.
1346 3127 1398 3178 t.
1438 3114 1484 3191 l,
1528 3115 1588 3195 4.
1631 3116 1702 3176 C.
1736 3117 1875 3177 eod.
1921 3114 2106 3198 §ut
2140 3116 2314 3191 La,
2367 3137 2433 3199 ¹7
2468 3115 2702 3198 (quib.

588 3223 757 3286 mod.
783 3233 1040 3285 testam.
1078 3225 1143 3303 )·,
1182 3221 1337 3284 Nov.
1374 3223 1526 3300 105,
1571 3244 1624 3283 c.
1655 3238 1734 3292 τι,
1768 3222 1799 3305 §
1837 3221 1878 3300 4
1907 3270 1924 3297 ,
1963 3224 2032 3283 in
2077 3222 2221 3284 fine.

668 3331 763 3390 De
804 3328 987 3410 hujus
1028 3348 1257 3390 normae
1293 3329 1802 3412 interpretatione
1842 3329 2215 3412 disputatur.
2245 3328 2434 3390 Multi
2477 3346 2708 3391 secun·

586 3438 739 3499 dum
778 3435 908 3497 haec
952 3434 1086 3497 loca
1142 3438 1490 3519 principem
1528 3438 1698 3498 omni
1738 3436 2087 3519 jurenivili
2137 3436 2410 3498 solutum
2453 3435 2704 3514 dicunt,

509 3566 514 3577 ¹
585 3545 774 3607 Recte
821 3545 1103 3629 Cujacius
1146 3547 1166 3626 (
1204 3545 1515 3608 observat.
1559 3547 1723 3624 XV,
1783 3548 1909 3629 30)
1951 3551 2300 3630 conjecerat
2341 3543 2501 3609 illud
2532 3570 2703 3631 prae—

589 3664 837 3735 ceptum
881 3653 1153 3734 primum
1200 3654 1599 3736 imperatores
1641 3658 1951 3739 excepisse
1991 3655 2144 3739 legis
2179 3655 2389 3738 Papiae
2431 3666 2494 3715 et
2531 3634 2710 3738 Pop-

592 3781 732 3843 paeae
767 3763 1147 3821 necessitate.
1194 3761 1289 3821 De
1315 3760 1633 3822 similibus
1668 3783 1813 3844 ergo
1850 3765 2087 3824 normis
2125 3762 2190 3851 id
2218 3761 2707 3846 intelligendum

592 3870 731 3927 erit.
775 3860 1094 3928 Latissime
1145 3865 1304 3928 illud
1352 3866 1614 3951 explicat
1665 3864 1723 3930 J.
1768 3871 1838 3931 C.
1897 3892 1961 3931 v.
2012 3869 2489 3930 Wachendorff.
2561 3870 2709 3931 Dis-

595 3988 738 4039 sert.
790 3978 964 4037 trias,
1012 3988 1100 4037 n0.
1139 3998 1160 4040 1
1199 4024 1216 4053 ,
1262 3977 1339 4036 de
1384 3978 1664 4061 principe
1708 3978 1824 4062 leg.
1875 3979 2110 4059 solut.;
2157 3980 2426 4062 Traiecti
2453 3978 2532 4039 ad
2576 3978 2702 4041 Rh.

602 4084 754 4168 1730
778 4129 795 4162 ,
852 4103 873 4144 1
912 4081 1039 4146 vol.
1059 4081 1147 4146 8⁰.
1166 4079 1249 4155 V.
1275 4083 1514 4164 maele,
1545 4087 1965 4149 Commentar.
1983 4088 2059 4150 Τ.
2084 4089 2116 4150 1
2139 4142 2165 4171 ,
2196 4109 2258 4171 p.
2284 4084 2395 4149 281
2420 4132 2439 4165 ,
2473 4097 2547 4149 et
2569 4109 2699 4171 seq.
