2893 4778
921 333 1140 383 mana
1190 336 1243 382 1.
1296 352 1397 371 ψ-
1446 334 1607 385 car.
1660 336 1715 385 1.
1782 357 1795 372 ffl·
2238 313 2375 413 167

258 457 524 558 probata
573 479 726 542 vera
783 458 919 544 ejus
950 463 1286 530 sententia.
1338 454 1520 522 Illam
1575 459 1750 525 enim
1791 452 1997 550 logice
2030 461 2120 525 ita
2166 458 2233 523 in
2242 471 2378 524 ter-

255 585 576 671 pretantes
598 567 1028 662 legislatorem
1048 566 1128 636 de
1166 568 1275 635 illo
1308 593 1456 635 casu
1491 567 1584 635 nil
1606 569 1889 635 statuisse
1920 568 2207 639 videmus
2238 576 2259 654 (
2286 577 2378 654 1).

344 712 461 755 22.
517 686 577 751 E
623 685 943 751 contrario
975 697 1232 779 quoque
1274 682 1443 775 leges
1494 682 1842 775 aliquando
1883 683 1967 750 ad
2009 708 2223 753 causas
2248 710 2373 777 pro
2428 713 2430 717 ³

252 802 490 895 quibus
544 800 689 868 latae
744 822 877 869 non
922 810 1072 864 sunt
1094 850 1110 878 ,
1164 795 1599 866 extenduntur
1619 848 1637 877 ‚
1687 821 1832 890 quae
1884 822 2108 867 earum
2151 798 2370 893 appli-

253 918 418 990 catio
472 926 932 1007 argumentum
968 913 1049 979 ab
1098 911 1389 1005 analogia
1406 964 1422 992 ,
1475 913 1605 981 sive
1640 911 1972 1006 analogica
2027 910 2370 1006 productio

258 1029 502 1099 dicitur
556 1034 686 1112 (2).
735 1027 1003 1119 Semper
1050 1027 1289 1113 injure
1335 1050 1604 1093 romano
1656 1040 1986 1119 receptum
2035 1041 2173 1093 erat
2216 1029 2366 1113 (3),

252 1157 322 1213 ut
350 1142 531 1237 quod
579 1140 825 1208 utiliter
869 1143 937 1211 in
990 1139 1204 1232 aliqua
1249 1139 1388 1232 lege
1429 1152 1735 1207 statutum
1781 1154 1970 1220 esset,
2009 1140 2091 1211 ad
2131 1142 2369 1222 similes

250 1283 425 1333 casus
464 1268 730 1350 propter
768 1256 1033 1323 rationis
1065 1257 1424 1352 paritatem‘
1446 1256 1947 1351 protraheretur.

339 1371 541 1464 Quod
585 1382 657 1436 ut
683 1368 820 1437 fieri
850 1371 1048 1461 possit
1082 1394 1100 1437 ε

338 1510 405 1554 a.
451 1486 793 1553 Rationem
836 1481 993 1575 legis
1036 1473 1437 1550 manifestam
1480 1504 1607 1547 esse
1655 1492 1908 1572 oportet
1947 1473 2089 1568 (4).

338 1599 397 1666 b.
441 1596 738 1669 Eandem
785 1598 1069 1680 innovo
1114 1619 1264 1668 casu
1304 1596 1592 1661 obtinere
1642 1595 1786 1679 (5).‘

334 1736 396 1785 c.
443 1711 638 1777 Hunc
669 1734 883 1775 casum
912 1707 1186 1779 similem
1212 1733 1336 1776 esse
1362 1710 1421 1774 ei
1457 1709 1604 1794 (6),
1637 1689 1756 1801 pro
1785 1734 1915 1802 quo
1947 1708 2050 1776 lex
2073 1705 2200 1780 lata
2232 1722 2350 1780 est.

333 1827 399 1896 d.
423 1827 704 1899 Novum
734 1849 950 1896 casum
988 1819 1166 1894 nulla
1198 1824 1322 1896 alia
1361 1823 1503 1923 lege
1537 1825 1910 1923 gubernari.

323 2147 429 2232 (1)
471 2148 706 2230 Legum
736 2146 855 2209 hae
899 2150 1140 2211 ratione
1166 2147 1574 2214 limitatamm
1594 2147 1872 2233 exempla
1899 2147 2095 2210 multa
2122 2163 2349 2209 occur-'-

242 2268 386 2319 runt
437 2258 685 2339 in-jure
718 2277 1071 2319 romanov.
1118 2278 1182 2340 g
1232 2255 1383 2318 inl.
1433 2259 1494 2317 3.
1539 2255 1671 2339 §2.
1721 2257 1802 2318 D.
1859 2258 1932 2332 3,
1976 2277 2037 2317 2.
2086 2256 2225 2336 (de
2246 2254 2348 2318 his

236 2365 343 2447 qui
381 2374 519 2425 not.
560 2362 714 2445 inf.)
764 2361 807 2425 l.
866 2362 957 2429 15.
993 2365 1174 2447 conj.
1203 2362 1250 2426 1.
1299 2362 1375 2439 6,
1425 2362 1563 2448 §m
1603 2364 1682 2447 D.
1733 2364 1857 2449 37,
1919 2361 2011 2447 14.
2047 2362 2159 2447 (de
2198 2365 2336 2446 jure

236 2470 492 2555 patro.)
554 2469 835 2554 exempla
886 2493 925 2532 a
979 2472 1262 2535 Maillaer
1310 2470 1501 2539 allata
1564 2469 1609 2539 l.
1664 2493 1722 2536 c.
1762 2494 1830 2541 v.
1883 2469 2244 2536 Thibaucl.
2288 2491 2346 2533 e.

236 2574 429 2663 §24‚
465 2576 677 2652 Cock,
728 2597 793 2658 p.
850 2596 1068 2660 19-11.

314 2687 426 2764 (2)
472 2683 729 2766 Optime
749 2681 868 2744 hoc
897 2696 1329 2779 argumentum
1355 2688 1606 2772 exponit
1642 2685 1849 2761 Coela,
1873 2684 2123 2748 dissert.
2160 2682 2341 2749 laud.

229 2780 510 2877 Vocatur
533 2788 852 2877 analogia
893 2812 1049 2874 saepe
1086 2795 1408 2855 extensiva
1454 2795 1886 2875 interpretatio
1938 2784 2071 2856 sive
2120 2788 2350 2873 utilis,-

227 2894 377 2962 inde
415 2897 649 2958 factum
686 2907 831 2974 est,
876 2908 947 2959 ut
976 2897 1299 2984 analogica
1337 2901 1669 2984 productio
1704 2923 1743 2963 a
1785 2898 1947 2984 plui
1930 2923 2070 2966 mus
2109 2901 2339 2966 aucto-

226 3005 402 3066 ribus
422 3025 566 3070 cum
593 3006 1102 3093 interpretatione
1134 3007 1663 3087 confunderetur3
1696 3011 1831 3091 ipse
1862 3006 2331 3085 Thihauc‚1.c.

207 3111 254 3196 ’,ᾗ
302 3110 414 3186 16,
458 3122 521 3173 et
561 3110 888 3187 Mailker,
929 3134 989 3195 p.
1033 3111 1191 3191 226,
1231 3117 1314 3177 ita
1361 3115 1607 3177 diversa
1651 3117 2058 3199 conjungunt.

308 3198 835 3299 (3)L.1o·-13.
901 3218 982 3285 D.
1045 3218 1112 3284 h.
1178 3231 1229 3283 t.
1288 3221 1571 3307 Exempl.
1629 3222 1782 3305 in§
1852 3216 1916 3284 6.
1980 3222 2030 3287 Ι.
2089 3225 2173 3302 3,
2239 3247 2308 3287 12

216 3324 422 3403 l.64.
473 3323 604 3408 §1.
650 3326 730 3387 D.
787 3326 914 3402 23,
965 3347 1001 3390 z
1066 3327 1546 3412 (denupt.).l
1600 3351 1654 3393 1.
1715 3331 1794 3391 D.
1853 3330 1988 3413 37,
2053 3331 2146 3392 13.
2198 3330 2336 3408 (de

218 3434 374 3499 bon.
417 3452 579 3525 poss.
614 3453 683 3497 ex
724 3441 866 3493 test.
906 3430 1231 3513 milit..)l
1267 3457 1324 3497 2.
1373 3433 1564 3519 §29,
1615 3436 1718 3498 30.
1759 3435 2003 3515 D.38‚
2063 3459 2159 3522 17.
2204 3440 2341 3523 (ad

217 3540 453 3604 SCtum
502 3522 676 3601 Tert.
704 3550 734 3620 )
828 3538 1030 3615 Usum
1085 3540 1385 3626 analogias
1454 3542 1623 3627 apud
1694 3544 2005 3607 Romanos
2065 3542 2343 3611 historias

213 3643 494 3708 ostendit
533 3643 744 3727 Coek,
787 3646 831 3709 l.
871 3669 927 3709 e.
970 3670 1033 3732 p.
1076 3646 1191 3731 57·-
1159 3647 1299 3737 -67

449 3750 517 3813 L.
569 3772 660 3814 12.
704 3755 783 3816 D.
879 3799 894 3816 .
937 3765 985 3816 t.

297 3748 406 3941 g}
449 3858 518 3919 L.
576 3861 669 3927 13.
715 3861 793 3924 D.
827 3753 923 3927 ¹in.
967 3846 1375 3941 Non-similis
1420 3872 1665 3926 tantum
1690 3907 1710 3942 ,
1750 3861 1857 3962 sed
1900 3882 2016 3945 par
2053 3862 2227 3928 ratio
2265 3864 2335 3928 in

210 3988 379 4032 novo
419 3989 568 4030 casu
604 3968 789 4031 adsit.

302 4075 410 4162 (6)
454 4076 526 4143 1..
578 4096 689 4163 ιη,
733 4079 811 4143 ³2
854 4100 953 4168 pr.
993 4078 1077 4142 n.
1121 4077 1280 4144 ibid.
