2893 4778
519 318 699 410 ’554
864 341 1385 394 consumunmt
1432 344 1638 394 sums
1691 342 1976 392 nouam
2029 345 2351 395 ruva-n.

547 471 631 536 ab
670 477 1023 561 occupante
1063 466 1189 534 coli
1237 468 1442 559 coepti,
1483 470 1552 552 (1
1580 471 1605 551 )
1631 517 1651 549 ,
1696 466 1807 533 tali
1860 467 2053 535 modo
2091 471 2340 562 acquiri
2371 485 2658 562 possunt.

547 583 706 655 Inde
729 585 922 652 variae
949 582 1451 676 occupationum
1470 581 1697 648 formae
1720 582 1889 648 inter
1906 605 1971 649 se
2000 581 2310 678 distingui
2333 584 2569 667 solent,
2595 599 2664 653 ut

549 703 824 768 venatio
843 743 871 779 ,
894 701 1185 791 ptis-catch
1211 742 1240 778 ,
1256 698 1600 789 aucupium
1616 748 1633 777 ‚
1655 701 1948 764 inventio
1962 749 1980 779 ,
2010 702 2350 792 occupatio
2389 696 2625 767 bellica
2642 751 2658 783 ‚

545 814 881 907 occupatio
896 894 902 899 ὓ
918 809 1295 904 simpliciter
1329 812 1418 878 sic
1462 811 1632 878 dicta
1655 862 1674 892 ‚
1718 822 1947 880 cetera.

638 950 678 996 2
693 926 793 997 15.
819 927 1056 996 Omnia
1082 926 1286 1021 igitur
1314 925 1614 992 animalia
1634 925 1768 1025 sera
1787 951 1930 1020 quae
1955 931 2026 992 in
2053 906 2225 995 terra
2246 977 2263 1008 ,
2295 928 2365 993 in
2384 929 2550 993 mari
2564 916 2665 994 vel

545 1047 618 1110 in
642 1049 786 1109 ae‘re
810 1040 1057 1133 degunt
1073 1091 1093 1123 ,
1119 1036 1333 1133 priino
1361 1042 1709 1132 occupanti
1735 1040 2013 1108 naturali
2033 1044 2277 1107 ratione
2302 1040 2668 1108 concedun-

544 1162 661 1225 tur
679 1158 755 1241 (2
777 1159 824 1242 ).
849 1153 1140 1230 Perfecta
1172 1165 1266 1222 est
1288 1179 1518 1224 eorum
1544 1136 1912 1246 occupatio,
1941 1154 1994 1220 si
2037 1166 2148 1223 aut
2179 1153 2512 1222 interfecta
2538 1155 2667 1231 sint

546 1297 589 1340 a
623 1269 811 1339 nobis
832 1320 851 1352 ,
893 1279 1008 1339 aut
1063 1270 1210 1339 viva
1247 1271 1336 1335 ita
1377 1278 1563 1362 capta
1593 1319 1611 1351 ,
1685 1280 1764 1336 ut
1804 1266 2025 1361 fugere
2060 1292 2097 1334 e
2129 1266 2416 1337 custodia
2451 1280 2666 1336 nostra

545 1410 682 1454 non
709 1385 950 1478 possint
978 1388 1001 1470 (
1017 1382 1058 1452 3
1077 1389 1127 1469 );
1149 1382 1555 1453 vulneratum
1570 1381 1803 1450 animal
1839 1362 2127 1450 nostrum
2160 1407 2293 1451 non
2326 1395 2426 1449 'est
2443 1431 2463 1463 ,
2515 1407 2663 1454 cum

546 1497 751 1567 multa
795 1497 1081 1565 accidere
1125 1498 1364 1588 possint
1385 1547 1403 1576 ‚
1432 1519 1565 1587 quo
1605 1497 1817 1569 minus
1861 1494 1933 1561 id
1973 1492 2298 1589 capiamus
2338 1501 2473 1581 (ηο.
2511 1521 2536 1564 1
2558 1501 2664 1580 13,

548 1624 704 1680 not‘a
730 1636 774 1681 α·
797 1663 814 1693 ‚
842 1636 906 1704 p.
944 1609 1112 1696 253)
1154 1604 1285 1696 (4).
1324 1609 1567 1677 Venari
1599 1614 1737 1698 jure
1766 1634 2045 1679 romano
2067 1608 2366 1678 omnibus
2385 1614 2663 1704 permit-

544 1728 708 1794 titur
755 1738 822 1792 et
864 1747 1248 1816 quocunque
1288 1722 1358 1788 in
1420 1721 1554 1789 solo
1577 1773 1594 1803 ‚
1636 1721 1768 1789 sive
1801 1724 2066 1815 proprio
2119 1727 2249 1819 sive
2292 1723 2502 1792 alieno
2522 1776 2540 1805 ,
2594 1728 2664 1792 in

545 1845 800 1940 privato
826 1867 963 1910 non
990 1842 1204 1915 minus
1238 1866 1434 1934 quam
1476 1843 1547 1907 in
1578 1839 1868 1933 publico.
1914 1840 2243 1908 Animalia
2281 1840 2416 1909 fera
2438 1894 2457 1922 ‚
2489 1844 2664 1937 apud

549 1962 873 2030 Romanos
892 2010 912 2041 ‚
944 1958 1240 2029 omnibus
1263 1957 1638 2047 hominibus
1664 1957 2031 2024 communia
2055 1981 2183 2026 esse
2207 1959 2666 2044 credebantur,

546 2102 664 2144 nec
710 2072 948 2173 fundi,¹
994 2075 1067 2140 in
1112 2095 1244 2166 quo
1295 2085 1613 2163 vagantur
1643 2123 1662 2152 ‚
1704 2070 1968 2140 domino
2019 2075 2302 2168 propria.
2340 2073 2663 2168 Impedirc

546 2189 809 2284 quidem
840 2185 1064 2280 praedii
1104 2185 1366 2274 alicujus
1410 2184 1708 2267 dominus
1744 2196 1952 2278 potest
1969 2237 1988 2269 ,
2031 2211 2163 2281 quo
2212 2188 2426 2255 minus
2446 2202 2660 2259 extra·

543 2329 702 2374 neus
752 2302 1029 2373 venandi
1084 2301 1291 2395 gratia
1342 2299 1504 2368 illud
1560 2301 1963 2395 ingrediatur
2000 2307 2040 2387 4(
2055 2303 2130 2386 5)
2163 2353 2182 2383 ,
2242 2325 2552 2392 necnon
2593 2329 2660 2371 se

540 2420 746 2490 invito
791 2405 1145 2511 ingressum
1182 2468 1204 2501 2
1249 2417 1634 2511 injuriarum
1681 2417 1930 2483 actione
1977 2417 2089 2504 (6)
2141 2431 2254 2494 aut
2293 2415 2514 2485 damni
2557 2420 2662 2496 in,-

538 2534 708 2625 juria
750 2530 889 2600 dati
912 2581 939 2614 .‚
987 2532 1041 2597 si
1078 2528 1257 2623 quod
1283 2528 1537 2600 ..factum
1573 2542 1668 2596 est
1685 2579 1704 2609 ,
1751 2531 2046 2623 persequi
2081 2553 2101 2613 3
2142 2528 2385 2598 animal
2430 2556 2583 2600 vero
2621 2558 2660 2600 a

547 2715 2639 2755 ,μω-ψ’

624 2857 736 2941 (ι)
778 2856 989 2942 Vulgo
1027 2856 1158 2921 haec
1193 2854 1531 2940 acquisitio
1566 2854 1649 2916 ad
1696 2856 2134 2939 occupationes
2177 2875 2307 2919 non
2345 2854 2655 2932 refertur3

538 2963 622 3026 ad
680 2962 881 3027 Heisii
917 2963 1022 3050 (ᾖ
1086 2961 1169 3030 38
1226 2973 1597 3047 conspectus
1655 2966 1755 3025 sui
1795 2963 1829 3044 )
1884 2958 2236 3066 exemplum
2276 3009 2301 3042 ‚
2367 2983 2506 3025 eam
2551 2961 2659 3023 hic
2705 3036 2712 3042 μ

534 3067 890 3133 retulimus.

615 3200 725 3284 (α)
766 3199 950 3284 512,
990 3200 1045 3262 1.
1087 3200 1245 3278 cit.,
1288 3199 1336 3262 1.
1393 3220 1417 3263 1
1445 3198 1531 3285 ,ᾖ
1570 3219 1598 3262 1
1631 3245 1649 3278 ,
1695 3198 1777 3264 D.
1833 3189 1976 3278 ib.',
2016 3183 2115 3263 no.
2170 3218 2301 3285 723
2350 3167 2656 3277 Poch'ier,

533 3305 585 3369 l.
621 3327 681 3369 c.
703 3353 725 3385 ,
752 3315 856 3371 11⁰.
878 3305 1074 3385 24-26
1095 3327 1116 3387 3
1136 3305 1246 3369 Du
1292 3308 1613 3387 Cam-roy,
1658 3306 1980 3369 Institutes
2013 3307 2093 3368 de
2131 3306 2449 3371 Iustinien
2492 3326 2663 3368 nou-

533 3416 868 3480 vellement
912 3416 1276 3502 explique'es
1306 3463 1327 3496 ,
1373 3427 1527 3480 tom.
1575 3417 1644 3496 Ι,
1685 3440 1750 3501 p.
1797 3413 2102 3496 260-264.

616 3546 723 3641 (3.)
764 3546 1070 3642 Proculus
1123 3548 1526 3631 quaestionem
1577 3549 1655 3610 de
1688 3537 1867 3631 “apro
1928 3548 2173 3634 laqueis.
2219 3557 2411 3632 capto
2460 3513 2659 3610 variis

532 3654 1040 3732 distinctionibus
1083 3653 1276 3724 solvit
1324 3658 1393 3718 in
1435 3654 1493 3722 l,·
1527 3653 1646 3732 55,
1680 3655 1771 3718 D.
1809 3653 1874 3720 h.
1910 3665 1966 3717 t.
2158 3657 2161 3658 ⁷

483 3831 495 3840 ι
609 3777 961 3873 (4)§1‘3,
1002 3789 1058 3853 1.
1101 3786 1177 3851 h.
1220 3798 1317 3869 t.;
1357 3784 1405 3851 l.
1455 3785 1528 3864 5,
1571 3785 1604 3874 ς
1653 3806 1725 3867 1,
1766 3787 1851 3852 D.
1896 3784 2038 3859 ih..

610 3919 832 4007 (5)1..
877 3923 967 3998 3,
1010 3918 1041 4005 §
1090 3940 1165 4003 1,
1214 3922 1295 3990 D.
1336 3920 1405 3985 h.
1451 3930 1501 3983 t.

597 4023 731 4137 „(6)
774 4050 849 4114 ι.
903 4052 975 4119 ιε
1015 4054 1084 4125 in
1116 4052 1210 4158 ρ,
1253 4054 1335 4115 n.
1381 4052 1509 4136 47,
1569 4074 1682 4130 ιο,
1727 4052 1866 4138 (de
1910 4048 2242 4135 injuriis).

2062 3877 2095 3911 s.
