2893 4778
476 324 619 398 258
800 344 1314 399 confflem-Anu
1361 346 1563 394 smus
1618 345 1897 395 nomam
1948 346 2267 393 rmum.

473 474 866 566 obligatione
904 484 1156 539 tenetur
1177 522 1193 551 ‚
1234 473 1448 563 potior
1471 470 1777 564 obligatio
1807 472 1948 537 erit.
2001 472 2056 536 E
2086 472 2407 550 contrario
2432 497 2586 539 vero

476 591 571 656 rei
622 587 916 655 dominus
962 610 1294 677 nunquam
1361 587 1707 677 inquietari
1776 596 1982 677 potest
2030 609 2111 650 ex
2177 584 2591 677 obligationis
2640 615 2643 618 “

477 729 683 783 nexu,
733 726 928 795 quem
979 714 1314 767 extraneus
1358 698 1584 790 aliquis
1636 698 1716 765 de
1760 698 1869 764 illa
1912 702 2322 766 contraxerit.
2422 705 2425 710 '

571 820 678 907 98.
724 816 1034 908 Quinque
1074 837 1227 882 vero
1277 815 1512 911 species
1541 815 1695 901 juris
1730 815 1799 878 in
1837 837 1908 878 re
1943 812 2335 907 distinguere
2364 838 2595 906 possu-

485 956 625 999 mus
663 935 731 1016 (1
759 935 822 1014 ):
867 944 951 995 1⁰.
988 928 1366 996 Dominium
1388 980 1403 1009 ,
1434 926 1670 994 scilicet
1690 926 1791 995 vel
1816 931 2294 1019 proprietatem3
2319 944 2410 996 2⁰.
2446 928 2601 995 Ser-

486 1048 792 1129 vitute1n3
819 1028 1435 1136 3⁰.'Emphyteusin;
1463 1043 1562 1126 40.
1598 1042 2053 1135 Superficiem3
2074 1042 2166 1110 5⁰.
2180 1044 2294 1110 Jus
2311 1046 2604 1138 pignoris
2626 1071 2667 1092 ’τ

487 1162 591 1232 vel
621 1162 1001 1254 hypothecae
1037 1186 1053 1224 ε
1094 1157 1174 1225 de
1197 1159 1429 1249 quibus
1449 1155 1714 1251 singulis
1735 1160 1805 1223 in
1834 1157 2110 1224 secundo
2128 1159 2365 1226 horum
2396 1158 2607 1228 Com-

493 1277 952 1343 mentariorum
985 1272 1150 1340 libro
1178 1273 1609 1339 tractabimus,
1647 1271 1920 1338 Plurimi
1963 1286 2250 1339 auctores
2279 1275 2352 1339 iis
2398 1272 2609 1340 adnu-

493 1403 745 1472 merant
779 1389 1225 1484 possessionem
1261 1400 1327 1454 et
1372 1391 1471 1476 jus
1527 1386 1911 1454 hereditatis.
1953 1388 2256 1456 Possessio
2303 1392 2421 1475 (2)
2454 1413 2607 1457 vero

498 1507 580 1571 ad
617 1505 777 1575 sacta
814 1505 1026 1597 potius
1047 1552 1067 1584 ‚
1121 1527 1203 1569 ex
1233 1502 1466 1598 quibus
1505 1505 1648 1588 jura
1706 1507 1879 1568 nasci
1919 1514 2180 1594 possunt
2202 1547 2232 1581 ,
2274 1502 2612 1571 referenda

499 1633 590 1684 est
621 1671 636 1696 ‚
694 1626 887 1708 quam'
922 1615 1005 1682 ad
1057 1628 1296 1683 certam
1322 1616 1570 1703 jurium
1606 1618 1907 1706 speciem.
1958 1615 2288 1683 Hereditas
2337 1630 2557 1684 autem
2588 1669 2607 1701 ,

504 1737 790 1826 quamvis
828 1735 956 1822 juri
1009 1734 1078 1799 in
1108 1758 1176 1799 re
1205 1732 1529 1798 simillima
1581 1733 1734 1816 (3),
1770 1757 1891 1825 pro
1937 1736 2151 1800 omnia
2190 1740 2330 1821 jura
2386 1735 2615 1828 acqui-

504 1846 688 1914 rendi
733 1874 916 1918 causa
948 1846 1243 1915 habenda
1286 1860 1407 1928 est,
1458 1860 1526 1914 et
1557 1859 1866 1939 tanquam
1903 1847 2046 1915 talis
2080 1850 2152 1915 in
2186 1853 2321 1936 jure
2347 1872 2618 1916 romano

506 1974 817 2030 tractatur
856 1964 999 2047 (4).

596 2182 618 2260 (
647 2183 709 2261 1)
754 2181 1008 2263 Optime
1043 2179 1192 2264 haec²
1217 2183 1428 2242 omnia
1467 2177 1809 2242 elucidavit
1849 2180 1929 2242 G.
1986 2180 2065 2242 A.
2097 2180 2207 2242 W.
2267 2183 2466 2242 Duroi
2490 2230 2508 2256 ‚
2555 2185 2624 2243 in

516 2291 869 2372 specimine
897 2289 1401 2351 observationum
1430 2288 1507 2349 de
1532 2288 1665 2371 jure
1711 2290 1778 2348 in
1808 2309 1877 2349 re
1898 2336 1916 2365 ‚
1962 2299 2028 2349 et
2069 2309 2270 2372 nuper
2296 2291 2365 2350 iu
2394 2290 2627 2352 Archiv

494 2403 644 2482 siit·
678 2399 842 2459 civil.
886 2400 1176 2473 Praei-1⁸5,
1223 2398 1298 2460 Τ.
1347 2396 1472 2475 Vl,
1514 2420 1582 2480 p.
1633 2395 1751 2458 282
1790 2406 1854 2458 et
1893 2418 2023 2480 seq.

605 2506 712 2588 (2)
757 2505 826 2565 Id
870 2526 942 2564 ex
1005 2503 1408 2588 sequentibus
1457 2503 1811 2586 apparebit.

608 2613 722 2694 (3)
759 2612 1003 2674 Archiv.
1056 2609 1099 2672 l.
1172 2631 1228 2672 c.
1287 2632 1351 2692 p.
1414 2609 1719 2691 303-304.
1779 2608 2102 2671 Hereditas
2162 2609 2254 2672 nil
2317 2608 2492 2673 aliud
2542 2619 2636 2672 est

524 2721 653 2781 nisi
691 2721 783 2800 jus
799 2760 824 2793 ,
877 2718 1158 2779 defuncti
1205 2738 1530 2800 personam
1572 2716 1970 2791 sustinendi,
2030 2719 2200 2800 cujus
2245 2717 2502 2780 effectus
2544 2728 2640 2781 est

531 2824 878 2885 dominium
921 2826 1343 2887 universitatis
1382 2823 1697 2885 bonorum
1742 2823 2045 2885 defuncti.

616 2931 726 3012 (4)
773 2931 1060 2995 Novam'
1043 2933 1278 3013 luri-um
1305 2930 1676 2993 divisionem
1703 2933 2029 3015 proposuit
2056 2930 2427 2993 Blondeau'
2407 2953 2475 2993 1n
2515 2931 2643 2993 Ta-

532 3037 702 3099 bulis
729 3006 1067 3130 synopticis
1094 3038 1257 3120 (vid.
1289 3035 2012 3120 40.Tab.ge'ne'ral.).1n
2041 3037 2170 3100 haec
2190 3060 2413 3122 genera
2434 3040 2647 3100 omnia

534 3146 669 3227 jura
689 3144 842 3207 'vel
825 3145 980 3233 luris
1006 3144 1336 3209 relationes
1357 3144 1654 3207 deducit.
1694 3162 1776 3206 1⁰.
1811 3145 1959 3206 Jura
2003 3147 2343 3207 necessario
2370 3166 2649 3227 personae

538 3253 753 3337 capaci
777 3246 1152 3313 'inhaerentia
1182 3259 1213 3326 (
1228 3272 1637 3332 engagemens
1677 3251 2091 3334 ne'cessaires)
2146 3264 2219 3313 ut
2241 3253 2373 3334 jura
2401 3250 2597 3313 status
2623 3270 2647 3332 3

544 3373 631 3421 2⁰.
662 3360 699 3419 J
705 3381 815 3421 ura
844 3359 1282 3436 accidentalia,
1318 3362 1362 3420 i.
1394 3380 1448 3420 e.
1483 3357 1695 3442 aliquo
1734 3371 1963 3422 eventu
1998 3380 2141 3421 cum
2175 3357 2288 3420 illa
2321 3360 2655 3440 conjuncta

543 3468 747 3549 (eng.
820 3466 1231 3550 accidentels)
1273 3476 1346 3527 ut
1373 3467 1506 3547 jura
1534 3466 1603 3527 in
1650 3487 1719 3527 re
1779 3478 1843 3528 et
1873 3465 2309 3549 obligationes5
2365 3466 2453 3526 3⁰.
2503 3465 2656 3526 Jura

541 3568 837 3631 tutelaria
856 3580 1199 3631 ceterorum
1219 3557 1379 3653 (eng.
1402 3570 1953 3653 sanctionateurs),
1985 3580 2053 3629 ut
2070 3571 2373 3630 actiones·
2359 3613 2378 3648 ,
2395 3570 2483 3648 40.
2505 3568 2541 3628 J
2546 3588 2659 3629 ura

550 3697 627 3759 erg
654 3674 780 3737 illis
806 3676 1242 3737 descendentia
1281 3679 1301 3754 (
1320 3692 1461 3755 eng.
1508 3674 1838 3760 de'tivek),
1880 3673 2075 3738 veluti
2112 3697 2249 3758 quae
2294 3668 2661 3737 statuuntur

550 3804 664 3867 per
690 3784 1085 3868 probationes
1104 3831 1121 3861 ‚
1165 3785 1707 3866 interpretationes
1732 3794 2164 3845 contractuum
2192 3793 2309 3844 etc.
2341 3802 2364 3863 ς
2390 3784 2483 3846 50.
2509 3784 2662 3846 Jura

553 3893 804 3955 familia:
834 3894 1009 3975 (eng.
1050 3893 1125 3953 de
1143 3894 1496 3975 famille);
1531 3893 1618 3956 60.
1661 3890 1813 3957 Jura
1852 3916 1967 3978 per
1999 3896 2470 3956 universitatem
2512 3915 2664 3956 suc-
2757 3904 2767 3910 ’

555 4000 816 4062 cedendi
875 4001 1052 4085 (eng-
1080 4003 1123 4060 ἰι
1169 4002 1306 4062 titre
1333 4001 1636 4062 univer-sel
1648 4001 1694 4084 ).
1718 4001 1861 4063 Haec
1901 4000 2127 4065 divisio
2160 3999 2445 4062 ordinem
2468 4022 2663 4064 cons-

556 4109 734 4168 tituit
761 4153 777 4182 ‚
815 4128 939 4189 quo
973 4106 1077 4168 hic
1118 4112 1383 4190 scriptor
1425 4104 1589 4191 jurax
1602 4111 1847 4192 privata
1890 4125 2191 4192 exponere
2229 4106 2409 4169 solet.
