2893 4778
877 336 880 341 ·
916 271 1134 380 mn
1181 329 1269 383 11.
1316 345 1419 370 --
1470 329 1630 382 cn.
1674 331 1737 382 ⁴1.
2225 306 2374 386 565

250 453 593 524 edificavit
608 505 626 536 ,
658 448 856 522 modo
877 434 1099 529 aarum
1129 448 1586 548 proprietatem
1603 454 1880 535 amittit,
1900 451 2094 522 modo
2113 456 2371 529 retinet.

248 570 323 639 Si
351 566 571 637 enim'z
615 583 701 635 1⁹.
729 569 912 637 Bona
943 567 1072 636 fide
1092 566 1431 643 aedificavit
1449 620 1467 651 ‚
1491 567 1700 637 solum
1735 592 1922 636 suum
1949 593 2076 636 esse
2106 581 2372 663 putans,

254 689 669 756 materiarum
704 661 999 750 (lominus
1042 695 1260 753 manet
1288 697 1352 750 et
1368 735 1384 764 ,
1407 678 1753 751 aedificium
1781 682 2102 776 possidens
2116 735 2137 765 ‚
2153 683 2380 753 vindi-

254 781 511 867 cantem
552 796 745 865 fundi
800 799 1299 889 proprietarium
1342 799 1718 890 exceptione
1768 795 2072 891 repellere
2122 809 2333 890 potest
2349 849 2371 883 ‚

254 912 461 981 donec
498 914 559 979 ei
591 914 894 1003 impensae
926 912 1287 983 necessariae
1309 963 1326 993 ,
1367 911 1471 982 vel
1511 911 1698 985 utiles
1730 914 2170 979 restituantur.
2223 913 2379 982 Non

245 1025 575 1122 ’possidens
611 1027 932 1094 actionem
967 1050 1103 1099 non
1141 1026 1371 1107 habet,
1417 1028 1544 1093 nisi
1585 1025 1667 1092 ad
1705 1025 2116 1095 vindicandas
2145 1025 2380 1096 dirutis
2416 1056 2423 1061 „

245 1141 506 1212 'edibus
557 1142 856 1209 materias
905 1146 972 1226 (1
996 1145 1039 1227 j.
1084 1153 1181 1207 2⁰.
1228 1141 1299 1209 Si
1333 1164 1488 1210 vero
1525 1142 1669 1234 quis
1707 1141 1874 1208 mala
1913 1140 2038 1210 fide
2071 1144 2143 1208 in
2171 1141 2383 1211 alieno

253 1255 394 1324 solo
425 1255 848 1325 aedificaverat
863 1306 881 1336 ,
932 1258 1343 1322 materiarum
1373 1258 1832 1348 proprietatem
1869 1257 2108 1328 amittit
2123 1307 2141 1338 ,
2173 1270 2386 1348 nequo

259 1375 636 1465 exceptione
660 1422 677 1453 ‚
721 1370 932 1462 neque
974 1370 1224 1438 actione
1255 1373 1315 1436 ei
1350 1372 1728 1441 subvenitur
1761 1374 1921 1457 (nisi
1960 1372 2216 1440 fortasse
2253 1396 2381 1439 ne·-

255 1490 556 1553 rcessarias
600 1485 684 1553 ad
733 1467 872 1552 rem
920 1480 1377 1556 conservandas
1424 1484 1651 1552 fecerit
1690 1488 2079 1579 impensas)3
2131 1511 2250 1553 nec
2280 1487 2377 1566 ei,

261 1600 537 1670 aedificio
586 1598 833 1666 sublato
849 1650 867 1681 ,
915 1600 1213 1666 materias
1262 1623 1403 1673 suas
1430 1582 1752 1666 vindicare
1792 1600 2187 1668 conceditur.
2244 1601 2388 1693 Ipse

266 1725 484 1783 tamen
525 1710 747 1791 tollere
784 1711 1128 1779 aedificium
1162 1724 1403 1804 potest,
1432 1712 1745 1803 quamdiu
1771 1712 2048 1806 possidet
2065 1711 2381 1798 fundum,

268 1853 308 1904 a
335 1850 489 1899 vero
531 1824 800 1902 domino
843 1825 1140 1903 nondum
1182 1828 1568 1927 inquietatus
1609 1831 1752 1916 (2).

559 2014 589 2102 5
633 2011 745 2087 ΙΠ.
791 2011 908 2086 De
950 2034 1173 2088 rerum
1216 2007 1546 2086 mobilium
1589 2008 2104 2084 accessionibus.

362 2195 538 2265 225.‘
558 2197 681 2263 Res
720 2196 987 2269 mobiles
1028 2200 1378 2266 accessione
1420 2197 1810 2291 acquirimus
1840 2198 1911 2263 in
1939 2194 2348 2285 adjunctione
2367 2243 2386 2274 ‚

275 2288 648 2383 coni'usione
664 2363 680 2393 ‚
725 2314 1221 2398 commixtione3
1259 2310 1537 2415 deniq-ue
1557 2313 1610 2377 si
1642 2336 1809 2381 nova
1827 2311 2063 2405 species
2088 2308 2253 2377 facta
2277 2310 2386 2380 sit·

274 2426 373 2500 De
407 2424 674 2521 singulis
705 2406 1059 2497 ridendum
1086 2441 1194 2496 est.
1568 2511 1572 2516 .
2055 2513 2064 2519 ‚
2125 2411 2130 2414 “

360 2535 519 2614 226.
575 2543 930 2632 Adiunctio
992 2543 1375 2646 generaliter
1420 2541 1662 2611 dicitur
1686 2593 1709 2626 2
1738 2567 1889 2609 cum
1932 2541 2065 2612 duo
2121 2550 2391 2632 corpora

278 2656 448 2727 inter
501 2682 567 2724 se
623 2657 866 2729 diversa
921 2660 1009 2725 ita
1056 2664 1413 2751 jungantur
1436 2710 1454 2740 ,
1513 2671 1588 2724 ut
1640 2681 1834 2724 unam
1883 2682 2020 2728 rem
2068 2657 2391 2744 efficiant3

279 2769 452 2861 quod
508 2770 583 2836 fit
607 2823 624 2852 ‚
690 2756 1293 2841 adferruminatione
1328 2758 1360 2853 ,’
1403 2769 1924 2863 adplumbatione
1961 2820 1981 2852 ,
2037 2767 2395 2839 inclusione

280 2886 605 2956 intextura
644 2936 661 2966 ‚
732 2886 987 2978 pictura
1013 2936 1031 2967 ‚
1119 2887 1435 2978 scriptura
1476 2937 1493 2966 ‚
1573 2887 1892 2977 variisque
1957 2883 2099 2950 aliis
2154 2883 2389 2954 modis-

277 3000 355 3073 Iu
384 2998 697 3087 ejusmodi
737 3025 882 3074 casu
917 3024 1015 3067 res
1044 2999 1415 3102 principalis
1455 3024 1574 3100 per
1610 2999 2087 3098 praevalentiam
2126 2997 2393 3074 alteram

370 3308 489 3394 (ι)
528 3310 623 3377 Ll.
664 3334 757 3376 co.
797 3311 846 3375 l.
894 3314 973 3377 33
1010 3361 1030 3392 ,
1065 3314 1146 3380 D.
1208 3333 1278 3374 12
1303 3358 1321 3390 ‚
1377 3311 1420 3373 6
1453 3360 1471 3392 ,
1527 3312 1647 3391 (de
1688 3309 2046 3373 conditione
2092 3311 2394 3392 indeb.)3

282 3412 329 3482 l.
388 3416 503 3503 14,
558 3420 639 3488 D,
681 3418 816 3505 44,
871 3419 958 3503 4,
1011 3419 1127 3501 (de
1184 3428 1421 3507 except.
1481 3417 1702 3508 dom}
1768 3417 1814 3479 l.
1880 3417 2010 3507 59,
2056 3419 2137 3480 D.
2185 3418 2270 3496 6,,
2319 3438 2394 3497 1,

282 3523 403 3632 (de
444 3526 536 3585 rei
572 3524 810 3594 vindic.
832 3530 879 3607 ),
2272 3532 2279 3535 ’

367 3627 478 3712 (2)
524 3631 617 3690 lta
658 3632 824 3693 inter
863 3652 927 3693 se
955 3630 1243 3715 componi
1277 3649 1458 3713 posse
1493 3628 1791 3693 vident-ur
1815 3676 1835 3708 ‚
1876 3629 1905 3712 ᾗ
1947 3630 2026 3690 30
2050 3676 2068 3706 ,
2101 3630 2153 3690 Ι.
2193 3627 2260 3688 h.
2306 3639 2354 3690 t.
2376 3677 2396 3709 ‚

283 3747 327 3818 1·
372 3754 410 3798 α
465 3746 529 3798 et
565 3736 613 3798 1.
658 3735 739 3817 5,
803 3737 880 3801 c,
935 3739 973 3798 3
997 3782 1017 3815 ,
1085 3740 1163 3802 32
1206 3786 1223 3815 ‚
1298 3735 1428 3820 (de
1489 3719 1587 3802 rei
1622 3736 1934 3817 vindic.)
2000 3734 2084 3795 v.
2143 3734 2399 3799 nonem

285 3855 689 3914 commentar,
775 3843 896 3907 lib.
966 3844 1091 3923 1v,
1153 3867 1292 3927 cap,
1353 3845 1436 3906 33
1458 3891 1477 3923 ‚
1537 3844 1568 3927 ς
1635 3841 1868 3914 255-28
1896 3888 1918 3921 ,
1986 3841 2137 3906 edit.
2205 3864 2351 3907 nov.
2376 3892 2400 3923 ,

285 3962 438 4014 tom.
461 3953 564 4027 11,
591 3971 736 4036 pag.
757 3949 1083 4031 541-5443
1108 3951 1221 4019 alii
1242 3950 1426 4017 aliter
1455 3949 1927 4012 difficultatibus
1945 3948 2100 4032 legis
2127 3969 2162 4010 α
2184 3970 2402 4011 occur-

287 4068 475 4134 runt,
524 4067 597 4126 ut
623 4057 933 4128 Hofacker
958 4104 975 4135 ‚
1000 4058 1360 4146 Principia,
1389 4056 1420 4141 ἦ
1446 4055 1571 4149 958
1595 4075 1619 4139 ς
1649 4058 1946 4138 Poma-r,
1977 4055 2027 4118 1.
2057 4078 2114 4120 c.
2158 4079 2223 4122 n.
2258 4057 2397 4123 350,
