2893 4778
564 312 713 402 514
894 334 1417 390 conturna
1466 337 1667 386 mnu
1719 333 2005 387 noum
2054 339 2373 391 rmu‘rr.

565 463 790 534 ratitio
839 485 1133 534 concessa
1176 463 1260 527 sit
1305 464 1473 544 (1);
1528 459 1852 529 vindicare
1885 487 2023 528 rem
2066 487 2246 529 suam
2299 476 2548 555 potest,
2604 463 2698 530 de

567 602 645 645 ea
706 576 1044 670 disponere
1092 580 1275 661 (2),
1334 599 1605 666 eamque
1667 573 1964 642 alienare.
2033 576 2402 645 vindicatio
2462 590 2702 645 contra

562 692 770 784 ipsum
826 689 1210 757 creditorem
1270 690 1758 782 pigneratitium
1803 693 2041 781 pignus
2085 716 2222 757 non
2269 697 2446 779 juste,
2479 693 2699 783 possi-

563 805 822 874 dentem
888 829 1181 871 conoessa
1244 817 1338 870 est
1388 803 1555 889 (3);
1608 805 1704 869 rei
1764 803 2021 870 mobilis
2066 818 2283 884 autem
2325 805 2693 897 specialiter

562 919 875 1012 obligata:
919 917 1218 986 alienatio
1261 942 1385 1011 pro
1425 917 1603 984 furto
1643 918 1848 1009 accipi
1900 917 2060 984 solet
2108 918 2251 1002 (4).
2311 921 2688 1009 Usucapere

560 1046 773 1127 potest
825 1058 963 1100 rem
1019 1033 1273 1100 debitor
1295 1083 1313 1114 ,
1371 1013 1620 1099 etiamsi
1688 1034 2139 1124 posessionem
2182 1035 2255 1099 in
2299 1033 2691 1102 creditorem

569 1147 896 1217 transtulit
942 1149 1083 1232 (5).

655 1261 813 1353 377.
862 1259 1162 1328 Creditor
1199 1259 1647 1352 pigneratitius
1693 1309 1713 1339 ‚
1779 1256 1934 1325 licet
1976 1259 2038 1325 ei
2074 1262 2171 1345 jus
2215 1260 2287 1325 in
2324 1283 2394 1323 re
2448 1284 2490 1324 a
2532 1257 2667 1325 do-

554 1376 763 1445 minio
812 1375 1183 1442 distinctum
1221 1386 1542 1466 competat
1586 1379 1719 1457 (n0.
1764 1372 1930 1456 350)
1974 1425 1991 1452 ‚
2044 1372 2396 1440 nilominus
2433 1372 2691 1441 domini

561 1502 948 1582 procurator
1001 1489 1228 1553 haberi
1286 1486 1477 1552 debet
1510 1538 1528 1568 ,
1588 1492 1771 1575 cujus
1821 1489 2084 1552 nomine
2134 1511 2391 1579 quoque
2445 1489 2684 1580 pignus

567 1602 924 1670 distrahere
994 1614 1283 1668 censetur
1344 1601 1421 1682 (6
1442 1609 1484 1682 ).
1551 1600 1748 1666 Varia
1807 1614 2021 1667 autem
2076 1603 2229 1687 juris
2286 1600 2562 1667 remedia
2617 1604 2684 1666 ei

562 1740 853 1790 concessa
877 1727 1029 1781 sunt
1060 1712 1143 1782 ad
1172 1739 1301 1780 sese
1330 1712 1640 1780 tuendum
1661 1766 1679 1795 ,
1709 1714 1905 1781 veluti
1949 1714 2286 1782 interdicta
2315 1716 2683 1807 possessoria

570 1844 636 1899 et
671 1831 839 1896 actio
881 1827 1041 1896 furti
1069 1881 1086 1911 ,
1128 1827 1322 1920 idque
1362 1841 1588 1894 contra
1629 1829 1839 1921 ipsum
1875 1828 2231 1895 debitorem
2273 1835 2412 1922 (7).

661 1944 967 2035 Denique
1004 1941 1285 2009 creditor
1324 1943 1775 2035 pigneratitius
1816 1941 1947 2035 ipse
1988 1944 2222 2033 pignus
2256 1940 2679 2032 oppignerare

557 2071 767 2154 potest
822 2060 960 2143 (8).
1026 2056 1417 2145 Huiusmodi
1474 2055 1782 2149 obligatio
1848 2058 1921 2121 in
1974 2067 2228 2122 tantum
2270 2056 2494 2120 efficax
2541 2067 2669 2139 est,

557 2175 634 2242 in
670 2185 985 2264 quantum
1031 2196 1267 2238 nomen
1300 2216 1326 2252 ,
1366 2196 1490 2263 pro
1525 2195 1674 2263 quo
1702 2183 2028 2237 contracta
2062 2182 2154 2235 est
2176 2221 2195 2248 ‚
2238 2170 2415 2261 prius
2457 2166 2668 2235 credi-

556 2298 704 2356 tum
741 2313 873 2356 non
916 2285 1169 2355 excedit
1210 2289 1330 2376 (9)
1363 2312 1382 2370 3
1440 2298 1508 2352 et
1544 2283 1793 2352 tamdiu
1835 2283 2023 2350 durat
2053 2334 2072 2365 ,
2121 2281 2437 2375 quamdiu
2469 2284 2673 2375 priori

640 2607 741 2690 (ι)
782 2607 856 2668 L.
902 2627 971 2667 21
1002 2652 1022 2683 ‚
1075 2605 1104 2689 §
1145 2626 1224 2681 2,
1258 2608 1338 2666 D.
1377 2625 1495 2679 20,
1554 2624 1576 2663 1
1625 2601 1753 2684 (de
1783 2605 1956 2684 pign.
2004 2612 2068 2662 et
2096 2600 2455 2686 hypoth.)·,
2487 2598 2532 2660 l.
2595 2621 2671 2676 1,

561 2713 601 2774 3
642 2714 714 2774 C.
754 2712 797 2791 4
817 2754 844 2789 ,
913 2710 1030 2789 24,
1088 2712 1198 2791 (de
1252 2710 1417 2792 pign.
1489 2708 1815 2786 actione)·,
1864 2707 2102 2769 fructus
2158 2727 2195 2767 a
2244 2706 2548 2766 creditore
2597 2727 2672 2766 ex

558 2821 822 2903 pignore
849 2823 1123 2903 percepti
1152 2822 1220 2878 in
1248 2817 1565 2878 creditum
1609 2815 1956 2897 imputandi
1983 2824 2147 2877 sunt.
2204 2816 2298 2877 De
2333 2814 2672 2876 antichi-esi

560 2927 631 2986 in
681 2925 961 3007 sequenti
1002 2923 1166 2986 libro
1215 2946 1415 2985 sermo
1468 2926 1608 2985 erit.
1819 2905 1828 2912 ⁹

643 3031 746 3116 (2)
788 3034 857 3091 L.
889 3053 931 3114 9
973 3032 1043 3092 C.
1081 3031 1217 3093 eod.
1250 3079 1267 3108 ‚
1297 3031 1342 3093 l.
1385 3051 1455 3090 ι2
1478 3053 1584 3113 [π’.
1618 3032 1696 3107 ‚D
1730 3051 1840 3091 ,20
1868 3031 1941 3104 ,5
1968 3031 2090 3110 (de
2108 3033 2388 3094 distract.
2417 3033 2590 3116 pign.
2612 3034 2658 3113 ).

640 3138 750 3221 (3)
795 3137 1175 3231 Nectobstat
1217 3137 1262 3198 l.
1299 3158 1349 3223 ·9
1387 3138 1459 3199 C.
1505 3136 1546 3198 8
1590 3184 1611 3217 ,
1662 3135 1779 3215 14,
1825 3138 1951 3219 (de
1996 3141 2127 3222 pig.
2184 3151 2248 3201 et
2294 3138 2667 3223 hypoth.);

559 3242 761 3306 Glitck
787 3292 805 3323 ,
845 3246 922 3306 T.
962 3245 1215 3320 XVIII,
1258 3265 1323 3328 p.
1381 3244 1515 3332 180.

644 3349 757 3434 (4)
799 3351 870 3412 L.
924 3372 996 3435 ¹9
1044 3350 1073 3434 §
1117 3351 1200 3429 6,
1245 3351 1287 3412 l.
1331 3351 1413 3414 66
1454 3374 1595 3435 pr.,
1637 3352 1716 3413 D.
1762 3347 1882 3436 47,
1928 3372 2008 3426 2,
2050 3351 2184 3433 (de
2223 3332 2478 3433 furtis).

636 3457 747 3540 (5)
790 3457 861 3517 L.
930 3457 1003 3519 16
1061 3458 1140 3519 D.
1203 3456 1275 3536 41
1327 3502 1347 3534 ,
1432 3459 1513 3536 3,
1579 3459 1716 3546 (de
1774 3468 2056 3542 usurpat.
2135 3471 2200 3520 et
2285 3461 2664 3542 usucap.)3

551 3564 699 3628 ‘vide
738 3577 852 3625 n⁰⁸.
907 3563 1018 3626 108
1056 3586 1117 3626 n.
1171 3566 1250 3641 3,
1300 3565 1455 3641 116,
1503 3566 1644 3628 260.

635 3674 755 3759 (6)
798 3674 868 3735 L.
915 3694 1035 3758 29,
1084 3674 1151 3736 in
1201 3675 1297 3753 f.,
1340 3677 1420 3740 D.
1480 3697 1591 3749 ιο,
1641 3697 1722 3753 2,
1762 3677 1966 3757 (fam.
2017 3675 2360 3754 hercisc.).

637 3782 754 3866 (7)
795 3782 867 3841 L.
912 3784 990 3844 23
1036 3803 1181 3864 pr.,
1227 3783 1311 3845 D.
1362 3783 1476 3861 13,
1521 3804 1602 3867 7,
1644 3784 1767 3866 (de
1797 3785 1967 3870 pign.
2013 3791 2229 3865 act.)3
2269 3785 2314 3846 l.
2367 3805 2480 3860 12,
2528 3784 2661 3868 §2,

552 3880 632 3945 D.
660 3884 755 3983 ‘47
782 3933 799 3961 ,
843 3906 880 3946 2
907 3934 924 3963 ,
973 3887 1100 3973 (de
1144 3888 1331 3950 furtis
1356 3898 1435 3969 )·,
1478 3888 1623 3950 inde
1662 3891 1902 3973 pignus·
1928 3888 2010 3973 ab
2048 3887 2400 3972 hypotheca
2425 3887 2657 3950 differt.

627 3992 746 4074 (8)
788 3992 945 4055 Cod.
997 3993 1037 4054 8
1061 4041 1082 4071 ,
1133 3994 1255 4073 24,
1301 3998 1405 4078 (si
1448 3998 1669 4078 pignus
1711 3997 1959 4080 pignori
1999 3998 2216 4058 datum
2252 3997 2408 4077 sit).

628 4098 742 4182 (9)
786 4099 860 4191 1..
912 4101 984 4163 13
1030 4100 1060 4185 §
1108 4122 1192 4179 2,
1238 4103 1467 4183 initio,
1515 4105 1593 4167 D.
1634 4123 1756 4185 20,
1808 4124 1833 4168 ι
1864 4146 1884 4183 ,
1923 4104 2051 4184 (de
2079 4105 2254 4188 pigu.
2283 4112 2347 4164 et
2373 4101 2605 4187 hyp.).
