2893 4778
567 328 663 406 68
904 349 1415 440 comuste-man
1462 314 1663 402 ⁴nnus
1712 348 1996 400 nomm
2045 345 2367 402 rmum.

1263 525 1690 602 CAPUT
1792 526 1976 602 III.

582 727 766 779 RATA
817 726 1015 778 JURIS
1067 720 1522 775 J’USTINIANEI
1581 724 1678 772 AD
1719 722 2001 772 NOSTRA
2052 723 2287 784 USQUE
2326 722 2699 772 TEMPORA·

1422 874 1452 958 §
1545 870 1748 937 XXI
1767 871 1855 937 X.

912 1038 1092 1104 Fata
1134 1038 1313 1131 juris
1347 1037 1752 1129 justinianei
1791 1038 1864 1100 in
1916 1031 2198 1102 Oriente
2243 1034 2384 1119 (1).

675 1203 849 1271 Cum
889 1220 1120 1293 corpus
1154 1201 1309 1288 juris
1346 1198 1803 1286 justinianeum
1851 1222 1969 1290 pro
2007 1194 2250 1290 populo
2307 1206 2378 1263 in
2428 1193 2708 1262 Oriente

588 1332 750 1387 esset
794 1314 1108 1383 sancitum
1154 1361 1173 1394 ,
1233 1313 1349 1413 qui
1406 1337 1615 1404 graeeo
1670 1337 1960 1379 sermone
2005 1322 2315 1403 tanquam
2359 1309 2719 1379 vernaculo'

593 1434 897 1501 utebatur
915 1480 932 1509 ,
964 1432 1308 1494 necessario
1330 1428 1546 1521 evenit
1564 1476 1582 1506 ‚
1615 1438 1691 1492 ut
1710 1428 2022 1497 versiones
2048 1449 2269 1518 graecae
2288 1438 2353 1491 et
2381 1449 2717 1491 commen·

600 1549 747 1614 tarii
811 1544 1207 1611 diversarum
1249 1544 1382 1627 ejus
1434 1541 1723 1632 partium
1746 1593 1764 1621 ‚
1825 1540 1917 1605 ihi
1975 1553 2527 1632 componerentur.
2570 1539 2718 1631 Ipse

594 1660 986 1727 Justinianus
1026 1656 1340 1724 versiones
1382 1653 1535 1720 tales
1553 1705 1572 1735 ‚
1602 1678 1720 1721 nec
1743 1678 1876 1720 non
1906 1650 2201 1745 paratitla
2239 1652 2540 1743 componi
2565 1676 2723 1743 per-

599 1776 874 1841 miserat.
924 1769 1175 1840 Diversi
1214 1769 1416 1860 ipsius
1459 1760 1764 1835 coaetanei
1811 1764 2243 1855 jurisconsulti
2277 1816 2295 1846 ‚
2360 1790 2443 1831 ex
2487 1789 2721 1833 eorum

603 1888 762 1957 adeo
808 1904 1083 1953 numero
1098 1934 1115 1963 ,
1160 1883 1277 1974 qui
1320 1896 1552 1973 corpus
1579 1883 1736 1969 juris
1785 1877 2246 1962 condiderant,
2274 1893 2347 1947 ut
2392 1881 2721 1972 interpre-

603 2004 927 2071 tationum
970 1995 1285 2085 ejusmodi
1340 2009 1626 2062 auctores
1678 1995 2024 2061 laudantur
2073 2040 2092 2077 ,
2147 2018 2495 2087 eorumque
2548 2009 2728 2061 notae

510 2094 517 2095 ἶ
562 2178 565 2185 .
607 2115 800 2187 varia:
849 2137 960 2179 seu
1006 2107 1245 2178 scholia
1286 2123 1353 2176 et
1412 2108 1604 2176 hodie
1643 2135 1953 2203 superesse
2007 2108 2379 2176 creduntur.
2433 2110 2601 2177 Sunt
2649 2112 2729 2178 hi

609 2227 968 2299 Thalelaeus
1000 2277 1018 2307 ‚
1049 2224 1413 2317 Stephanus
1435 2277 1451 2305 ,
1499 2224 1810 2315 Cyrinus,
1847 2223 2209 2309 Dorotheus
2234 2275 2251 2305 ,
2287 2223 2678 2291 Anatholius
2699 2278 2722 2306 ,

608 2343 887 2413 Isidorus
911 2393 927 2420 ‚
991 2336 1232 2431 aliique
1281 2340 1397 2432 qui
1441 2338 1705 2433 Digesta
1758 2350 1825 2407 et
1875 2336 2186 2407 Codicem
2247 2361 2450 2431 graece
2497 2336 2732 2406 reddi-⁶

613 2459 773 2528 disse
813 2455 1121 2523 dicuntur
1149 2460 1279 2540 (2).
2359 2461 2364 2462 ⁷

709 2572 937 2638 Clarus
1001 2569 1351 2661 praesertim
1409 2581 1504 2635 est
1565 2568 2015 2661 Theophilus„
2085 2573 2262 2656 eujus
2311 2581 2485 2635 extat
2528 2593 2737 2661 para-

617 2687 862 2782 phrasis
908 2683 1393 2749 Institutionum
1456 2708 1660 2777 graeca
1682 2736 1698 2764 ,
1762 2707 1899 2752 non
1952 2684 2203 2776 exiguae
2252 2683 2564 2750 utilitatis.
2618 2687 2742 2751 An

702 2955 811 3038 (1)
844 2952 1493 3035 HeinecciiAntiquit.
1533 2970 1791 3035 prooem.
1839 2952 1867 3035 ᾗ
1903 2949 2103 3030 35-40
2131 2972 2155 3032 ⁰,
2187 2950 2377 3013 Baeh.
2418 2950 2731 3033 Hist.jur.

623 3083 780 3125 rom.
820 3062 901 3137 L.
946 3061 1078 3136 lv,
1121 3062 1192 3122 C.
1240 3060 1289 3121 Ι.
1341 3071 1489 3121 sect.
1542 3060 1622 3119 11.
1671 3059 1699 3141 §
1748 3058 1992 3151 {ia-403
2047 3069 2197 3122 sect.
2241 3059 2368 3137 111,
2419 3058 2450 3141 §
2489 3057 2693 3137 24-26
2720 3103 2744 3134 ,

623 3194 678 3236 c.
735 3170 836 3245 11,
870 3167 1037 3228 sect.
1081 3167 1315 3240 11.'111.
1352 3165 1644 3226 Haubold
1670 3213 1687 3242 ‚
1717 3165 1870 3226 Inst.
1913 3164 2064 3227 hist.
2107 3165 2318 3247 dogm.
2356 3162 2386 3246 §
2421 3162 2742 3248 263-275.

625 3278 810 3358 Hu'go
825 3315 851 3350 ,
895 3273 1154 3335 Civilist.
1241 3272 1554 3351 Magazin
1604 3270 1683 3331 T.
1731 3272 1786 3331 11
1812 3318 1830 3349 ,
1897 3294 1961 3353 p.
2030 3269 2173 3354 409.
2243 3271 2697 3355 Spangenberg
2722 3317 2747 3349 ‚

590 3465 595 3470 .
627 3407 690 3466 p.
757 3379 839 3443 86
896 3428 913 3456 ,
977 3377 1282 3463 571·585.
1350 3378 1408 3437 J.
1480 3378 1569 3438 M.
1636 3377 1907 3438 Suaresii
1968 3378 2207 3439 Nocitia
2269 3378 2696 3438 Basilicorum
2720 3420 2753 3455 ,

629 3491 837 3550 Romae
872 3485 1022 3569 1637
1049 3533 1066 3563 ‚
1094 3496 1159 3546 et
1188 3485 1407 3566 Lipsiae
1430 3530 1449 3560 ,
1489 3504 1621 3545 cur.
1660 3483 1778 3544 Ch.
1818 3483 1892 3547 F.
1930 3482 2142 3546 Pohlii
2170 3530 2189 3561 ,
2226 3482 2399 3562 1804.
2444 3483 2700 3547 lee'mis
2729 3533 2750 3566 ,

622 3598 702 3661 T.
738 3596 809 3672 Ι,
857 3615 920 3676 p.
970 3591 1108 3671 204.
1153 3594 1405 3652 Bet-rial
1444 3590 1754 3653 Same-ix
1782 3638 1801 3668 ‚
1842 3614 1905 3673 p.
1958 3589 2245 3672 196·203.

712 3702 816 3783 (2)
860 3698 1007 3760 Vid.
1059 3699 1382 3759 Suaresius
1414 3745 1432 3774 ,
1479 3697 1525 3759 l.
1574 3718 1628 3760 c.
1672 3697 1701 3781 §
1751 3689 2223 3781 19-223‘Bach.
2277 3696 2346 3757 L.
2389 3696 2499 3756 IV.
2551 3718 2609 3759 e.
2660 3699 2690 3758 1
2724 3747 2746 3777 ‚

624 3820 774 3873 sect.
826 3805 950 3884 ΙΙΙ,
985 3805 1013 3889 §
1045 3827 1233 3889 7-17.‘
1256 3803 1478 3866 Edidit
1521 3803 1868 3886 fmgmenta
1901 3825 2118 3865 eorum
2147 3804 2750 3886 interpretationum

625 3923 691 3974 et
759 3912 1136 3975 scholiorum
1190 3911 1272 3974 D.
1331 3910 1742 3974 Ruhnkenius
1793 3914 1861 3972 in
1916 3912 2232 3973 Thesauro
2289 3913 2705 3973 Meemzannz·
2720 3955 2753 3990 ,

553 4021 572 4040 ’
625 4019 704 4080 Τ.
735 4020 822 4078 111
847 4033 908 4082 et
927 4022 1002 4080 T.
1039 4020 1123 4081 V.
1147 4065 1166 4097 ‚
1205 4042 1269 4101 p.
1307 4018 1418 4081 106
1445 4066 1464 4096 ,
1489 4030 1554 4079 et
1570 4014 1942 4100 separatim,
1973 4018 2161 4104 Hagae
2181 4019 2496 4082 Comitum
2525 4019 2693 4102 1752
2724 4063 2758 4097 ,

628 4145 655 4190 ι
685 4148 745 4191 v.
770 4125 882 4191 fol.
910 4128 989 4191 ad
1013 4147 1047 4216 ‚²
1078 4125 1301 4191 titulos
1315 4126 1463 4211 Dig.
1486 4136 1549 4189 et
1571 4123 1727 4189 Cod.
1751 4127 2202 4212 Spengenberg
2226 4175 2244 4206 ,
2281 4149 2346 4211 p.
2372 4125 2490 4190 585
2513 4138 2577 4189 et
2599 4126 2758 4211 590.
