<?xml version="1.0" encoding="UTF-8"?>
<!DOCTYPE html PUBLIC "-//W3C//DTD XHTML 1.0 Transitional//EN"
    "http://www.w3.org/TR/xhtml1/DTD/xhtml1-transitional.dtd">
<html xmlns="http://www.w3.org/1999/xhtml" xml:lang="en" lang="en">
 <head>
  <title>
</title>
<meta http-equiv="Content-Type" content="text/html;charset=utf-8" />
  <meta name='ocr-system' content='tesseract 3.04.00' />
  <meta name='ocr-capabilities' content='ocr_page ocr_carea ocr_par ocr_line ocrx_word'/>
</head>
<body>
  <div class='ocr_page' id='page_1' title='image "./commentariijuri00warngoog/commentariijuri00warngoog_0108.png"; bbox 0 0 2893 4778; ppageno 0'>
   <div class='ocr_carea' id='block_1_1' title="bbox 477 324 2747 2974">
    <p class='ocr_par' dir='ltr' id='par_1_1' title="bbox 477 324 2314 414">
     <span class='ocr_line' id='line_1_1' title="bbox 477 324 2314 414; baseline 0.003 -16"><span class='ocrx_word' id='word_1_1' title='bbox 477 339 480 348; x_wconf 63' lang='lat'><strong>⁴</strong></span> <span class='ocrx_word' id='word_1_2' title='bbox 522 324 620 400; x_wconf 87' lang='lat'><strong>88</strong></span> <span class='ocrx_word' id='word_1_3' title='bbox 859 353 1369 407; x_wconf 68' lang='lat' dir='ltr'><strong>commum-Anu</strong></span> <span class='ocrx_word' id='word_1_4' title='bbox 1414 357 1615 409; x_wconf 75' lang='lat' dir='ltr'><strong>smus</strong></span> <span class='ocrx_word' id='word_1_5' title='bbox 1663 354 1945 407; x_wconf 59' lang='lat' dir='ltr'><strong>nomam</strong></span> <span class='ocrx_word' id='word_1_6' title='bbox 1994 355 2314 414; x_wconf 70' lang='lat' dir='ltr'><strong>rmum.</strong></span> 
     </span>
    </p>

    <p class='ocr_par' dir='ltr' id='par_1_2' title="bbox 523 441 2747 797">
     <span class='ocr_line' id='line_1_2' title="bbox 614 441 2747 570; baseline 0.002 -33"><span class='ocrx_word' id='word_1_7' title='bbox 614 472 760 538; x_wconf 88' lang='lat' dir='ltr'><strong>Pari</strong></span> <span class='ocrx_word' id='word_1_8' title='bbox 803 473 994 542; x_wconf 90' lang='lat' dir='ltr'><strong>modo</strong></span> <span class='ocrx_word' id='word_1_9' title='bbox 1034 478 1104 540; x_wconf 91' lang='lat' dir='ltr'><strong>in</strong></span> <span class='ocrx_word' id='word_1_10' title='bbox 1151 475 1455 566; x_wconf 83' lang='lat' dir='ltr'>Hispania</span> <span class='ocrx_word' id='word_1_11' title='bbox 1483 441 1749 570; x_wconf 43' lang='lat' dir='ltr'><strong>&#39;qnoque</strong></span> <span class='ocrx_word' id='word_1_12' title='bbox 1797 483 1925 566; x_wconf 82' lang='lat' dir='ltr'><strong>jam</strong></span> <span class='ocrx_word' id='word_1_13' title='bbox 1962 480 2033 545; x_wconf 91' lang='lat' dir='ltr'><strong>in</strong></span> <span class='ocrx_word' id='word_1_14' title='bbox 2071 504 2192 545; x_wconf 83' lang='lat' dir='ltr'><strong>usu</strong></span> <span class='ocrx_word' id='word_1_15' title='bbox 2231 503 2359 545; x_wconf 87' lang='lat' dir='ltr'><strong>esse</strong></span> <span class='ocrx_word' id='word_1_16' title='bbox 2398 478 2653 569; x_wconf 86' lang='lat' dir='ltr'><strong>incipit·</strong></span> <span class='ocrx_word' id='word_1_17' title='bbox 2736 465 2747 484; x_wconf 35' lang='grc' dir='ltr'>ἶ</span> 
     </span>
     <span class='ocr_line' id='line_1_3' title="bbox 523 589 2632 684; baseline 0.003 -33"><span class='ocrx_word' id='word_1_18' title='bbox 523 589 621 673; x_wconf 84' lang='lat' dir='ltr'><strong>jus</strong></span> <span class='ocrx_word' id='word_1_19' title='bbox 667 590 1131 673; x_wconf 58' lang='lat' dir='ltr'><strong>‘justinianeum</strong></span> <span class='ocrx_word' id='word_1_20' title='bbox 1160 639 1176 668; x_wconf 90' lang='lat'>,</span> <span class='ocrx_word' id='word_1_21' title='bbox 1240 615 1491 657; x_wconf 89' lang='lat' dir='ltr'><strong>necnon</strong></span> <span class='ocrx_word' id='word_1_22' title='bbox 1550 591 1913 684; x_wconf 58' lang='lat' dir='ltr'><strong>in*Anglia</strong></span> <span class='ocrx_word' id='word_1_23' title='bbox 1945 646 1961 672; x_wconf 87' lang='lat'>‚</span> <span class='ocrx_word' id='word_1_24' title='bbox 2021 594 2135 658; x_wconf 89' lang='lat' dir='ltr'><strong>ubi</strong></span> <span class='ocrx_word' id='word_1_25' title='bbox 2201 592 2364 660; x_wconf 86' lang='lat' dir='ltr'><strong>illud</strong></span> <span class='ocrx_word' id='word_1_26' title='bbox 2406 592 2632 660; x_wconf 83' lang='lat' dir='ltr'><strong>&#39;docuit</strong></span> 
     </span>
     <span class='ocr_line' id='line_1_4' title="bbox 525 693 2262 797; baseline 0.003 -32"><span class='ocrx_word' id='word_1_27' title='bbox 525 699 832 767; x_wconf 87' lang='lat' dir='ltr'><strong>Vacarius</strong></span> <span class='ocrx_word' id='word_1_28' title='bbox 881 708 987 786; x_wconf 84' lang='lat'><strong>(1)</strong></span> <span class='ocrx_word' id='word_1_29' title='bbox 1015 755 1032 783; x_wconf 89' lang='lat'>,</span> <span class='ocrx_word' id='word_1_30' title='bbox 1071 717 1291 788; x_wconf 78' lang='lat' dir='ltr'><strong>auctor</strong></span> <span class='ocrx_word' id='word_1_31' title='bbox 1327 693 1750 797; x_wconf 74' lang='lat' dir='ltr'><strong>excerptionis</strong></span> <span class='ocrx_word' id='word_1_32' title='bbox 1788 708 1942 793; x_wconf 88' lang='lat' dir='ltr'><strong>juris</strong></span> <span class='ocrx_word' id='word_1_33' title='bbox 1986 695 2262 773; x_wconf 86' lang='lat' dir='ltr'><strong>romani.</strong></span> 
     </span>
    </p>

    <p class='ocr_par' dir='ltr' id='par_1_3' title="bbox 528 815 2639 1114">
     <span class='ocr_line' id='line_1_5' title="bbox 617 815 2626 908; baseline 0.002 -29"><span class='ocrx_word' id='word_1_34' title='bbox 617 816 696 880; x_wconf 91' lang='lat' dir='ltr'><strong>In</strong></span> <span class='ocrx_word' id='word_1_35' title='bbox 737 815 920 882; x_wconf 88' lang='lat' dir='ltr'><strong>Italia</strong></span> <span class='ocrx_word' id='word_1_36' title='bbox 953 818 1244 908; x_wconf 79' lang='lat' dir='ltr'><strong>plurimae</strong></span> <span class='ocrx_word' id='word_1_37' title='bbox 1285 821 1436 905; x_wconf 83' lang='lat' dir='ltr'><strong>juris</strong></span> <span class='ocrx_word' id='word_1_38' title='bbox 1476 818 1704 887; x_wconf 69' lang='lat' dir='ltr'><strong>scholae</strong></span> <span class='ocrx_word' id='word_1_39' title='bbox 1748 819 2025 887; x_wconf 84' lang='lat' dir='ltr'><strong>fundatae</strong></span> <span class='ocrx_word' id='word_1_40' title='bbox 2056 834 2207 887; x_wconf 91' lang='lat' dir='ltr'><strong>sunt</strong></span> <span class='ocrx_word' id='word_1_41' title='bbox 2247 819 2474 887; x_wconf 85' lang='lat' dir='ltr'><strong>saeculo</strong></span> <span class='ocrx_word' id='word_1_42' title='bbox 2506 839 2584 884; x_wconf 92' lang='lat' dir='ltr'><strong>eo</strong></span> <span class='ocrx_word' id='word_1_43' title='bbox 2610 871 2626 896; x_wconf 88' lang='lat'><strong>‚</strong></span> 
     </span>
     <span class='ocr_line' id='line_1_6' title="bbox 528 929 2639 1027; baseline 0 -29"><span class='ocrx_word' id='word_1_44' title='bbox 528 929 728 998; x_wconf 78' lang='lat' dir='ltr'><strong>veluti</strong></span> <span class='ocrx_word' id='word_1_45' title='bbox 782 932 1057 1012; x_wconf 86' lang='lat' dir='ltr'><strong>Patavii,</strong></span> <span class='ocrx_word' id='word_1_46' title='bbox 1108 934 1267 1000; x_wconf 82' lang='lat' dir='ltr'><strong>Pisis</strong></span> <span class='ocrx_word' id='word_1_47' title='bbox 1290 985 1307 1015; x_wconf 89' lang='lat'>‚</span> <span class='ocrx_word' id='word_1_48' title='bbox 1352 936 1572 1002; x_wconf 78' lang='lat' dir='ltr'><strong>Romae</strong></span> <span class='ocrx_word' id='word_1_49' title='bbox 1597 987 1614 1016; x_wconf 94' lang='lat'>,</span> <span class='ocrx_word' id='word_1_50' title='bbox 1664 933 1971 1027; x_wconf 86' lang='lat' dir='ltr'><strong>Neapoli,</strong></span> <span class='ocrx_word' id='word_1_51' title='bbox 2011 934 2353 1026; x_wconf 79' lang='lat' dir='ltr'><strong>multisque</strong></span> <span class='ocrx_word' id='word_1_52' title='bbox 2389 933 2525 1000; x_wconf 87' lang='lat' dir='ltr'><strong>aliis</strong></span> <span class='ocrx_word' id='word_1_53' title='bbox 2565 936 2639 999; x_wconf 86' lang='lat' dir='ltr'><strong>in</strong></span> 
     </span>
     <span class='ocr_line' id='line_1_7' title="bbox 530 1046 912 1114; baseline 0.003 -2"><span class='ocrx_word' id='word_1_54' title='bbox 530 1046 912 1114; x_wconf 86' lang='lat' dir='ltr'><strong>civitatibus.</strong></span> 
     </span>
    </p>

    <p class='ocr_par' dir='ltr' id='par_1_4' title="bbox 529 1159 2648 2491">
     <span class='ocr_line' id='line_1_8' title="bbox 619 1159 2629 1253; baseline -0.001 -28"><span class='ocrx_word' id='word_1_55' title='bbox 619 1161 767 1226; x_wconf 85' lang='lat' dir='ltr'>Post</span> <span class='ocrx_word' id='word_1_56' title='bbox 809 1161 1172 1253; x_wconf 86' lang='lat' dir='ltr'><strong>glossatores</strong></span> <span class='ocrx_word' id='word_1_57' title='bbox 1217 1185 1472 1253; x_wconf 89' lang='lat' dir='ltr'><strong>quoque</strong></span> <span class='ocrx_word' id='word_1_58' title='bbox 1505 1212 1521 1241; x_wconf 90' lang='lat'>‚</span> <span class='ocrx_word' id='word_1_59' title='bbox 1580 1159 1813 1227; x_wconf 84' lang='lat' dir='ltr'><strong>diversi</strong></span> <span class='ocrx_word' id='word_1_60' title='bbox 1863 1160 2147 1227; x_wconf 76' lang='lat' dir='ltr'>claruere</span> <span class='ocrx_word' id='word_1_61' title='bbox 2197 1161 2629 1252; x_wconf 83' lang='lat' dir='ltr'><strong>interpretes,</strong></span> 
     </span>
     <span class='ocr_line' id='line_1_9' title="bbox 531 1274 2637 1368; baseline -0 -28"><span class='ocrx_word' id='word_1_62' title='bbox 531 1276 647 1368; x_wconf 88' lang='lat' dir='ltr'><strong>qui</strong></span> <span class='ocrx_word' id='word_1_63' title='bbox 693 1277 767 1343; x_wconf 85' lang='lat' dir='ltr'><strong>iis</strong></span> <span class='ocrx_word' id='word_1_64' title='bbox 807 1274 1151 1366; x_wconf 87' lang='lat' dir='ltr'><strong>aliquando</strong></span> <span class='ocrx_word' id='word_1_65' title='bbox 1198 1274 1698 1342; x_wconf 80' lang='lat' dir='ltr'><strong>adnumerantur</strong></span> <span class='ocrx_word' id='word_1_66' title='bbox 1738 1328 1755 1355; x_wconf 89' lang='lat'>‚</span> <span class='ocrx_word' id='word_1_67' title='bbox 1813 1278 2052 1367; x_wconf 87' lang='lat' dir='ltr'><strong>partim</strong></span> <span class='ocrx_word' id='word_1_68' title='bbox 2096 1275 2311 1368; x_wconf 66' lang='lat' dir='ltr'><strong>glossae</strong></span> <span class='ocrx_word' id='word_1_69' title='bbox 2352 1286 2637 1341; x_wconf 87' lang='lat' dir='ltr'><strong>sectato-</strong></span> 
     </span>
     <span class='ocr_line' id='line_1_10' title="bbox 531 1375 2634 1481; baseline -0.004 -21"><span class='ocrx_word' id='word_1_70' title='bbox 531 1415 629 1460; x_wconf 86' lang='lat' dir='ltr'><strong>res</strong></span> <span class='ocrx_word' id='word_1_71' title='bbox 650 1442 666 1471; x_wconf 89' lang='lat'><strong>,</strong></span> <span class='ocrx_word' id='word_1_72' title='bbox 717 1391 951 1481; x_wconf 88' lang='lat' dir='ltr'><strong>partim</strong></span> <span class='ocrx_word' id='word_1_73' title='bbox 1003 1394 1138 1476; x_wconf 85' lang='lat' dir='ltr'><strong>ejus</strong></span> <span class='ocrx_word' id='word_1_74' title='bbox 1195 1375 1533 1458; x_wconf 79' lang='lat' dir='ltr'><strong>adversarii</strong></span> <span class='ocrx_word' id='word_1_75' title='bbox 1579 1418 1600 1455; x_wconf 69' lang='grc' dir='ltr'><strong><em>τ</em></strong></span> <span class='ocrx_word' id='word_1_76' title='bbox 1658 1390 2004 1457; x_wconf 79' lang='lat' dir='ltr'><strong>laudantur</strong></span> <span class='ocrx_word' id='word_1_77' title='bbox 2062 1398 2390 1481; x_wconf 85' lang='lat' dir='ltr'><strong>praecipue·</strong></span> <span class='ocrx_word' id='word_1_78' title='bbox 2416 1390 2634 1455; x_wconf 84' lang='lat' dir='ltr'><strong>Diuus</strong></span> 
     </span>
     <span class='ocr_line' id='line_1_11' title="bbox 530 1486 2647 1599; baseline -0.002 -25"><span class='ocrx_word' id='word_1_79' title='bbox 530 1505 933 1599; x_wconf 86' lang='lat' dir='ltr'><strong>Mugellanus</strong></span> <span class='ocrx_word' id='word_1_80' title='bbox 979 1511 1103 1590; x_wconf 89' lang='lat' dir='ltr'><strong>(m.</strong></span> <span class='ocrx_word' id='word_1_81' title='bbox 1152 1508 1316 1596; x_wconf 84' lang='lat'><strong>1298</strong></span> <span class='ocrx_word' id='word_1_82' title='bbox 1351 1514 1370 1591; x_wconf 93' lang='lat'><strong>)</strong></span> <span class='ocrx_word' id='word_1_83' title='bbox 1399 1558 1415 1587; x_wconf 90' lang='lat'>,</span> <span class='ocrx_word' id='word_1_84' title='bbox 1450 1486 2056 1574; x_wconf 84' lang='lat' dir='ltr'><strong>CinusSinibaldus</strong></span> <span class='ocrx_word' id='word_1_85' title='bbox 2097 1513 2225 1592; x_wconf 90' lang='lat' dir='ltr'><strong>(m.</strong></span> <span class='ocrx_word' id='word_1_86' title='bbox 2257 1504 2413 1590; x_wconf 71' lang='lat'><strong>1341</strong></span> <span class='ocrx_word' id='word_1_87' title='bbox 2446 1512 2465 1590; x_wconf 95' lang='lat'>)</span> <span class='ocrx_word' id='word_1_88' title='bbox 2502 1507 2647 1570; x_wconf 70' lang='lat' dir='ltr'><strong>Pe«</strong></span> 
     </span>
     <span class='ocr_line' id='line_1_12' title="bbox 529 1617 2634 1713; baseline -0.002 -24"><span class='ocrx_word' id='word_1_89' title='bbox 529 1637 756 1690; x_wconf 85' lang='lat' dir='ltr'><strong>trarcae</strong></span> <span class='ocrx_word' id='word_1_90' title='bbox 812 1635 1210 1713; x_wconf 77' lang='lat' dir='ltr'><strong>praeceptor3</strong></span> <span class='ocrx_word' id='word_1_91' title='bbox 1272 1622 1311 1687; x_wconf 88' lang='lat' dir='ltr'><strong>J</strong></span> <span class='ocrx_word' id='word_1_92' title='bbox 1314 1622 1547 1689; x_wconf 87' lang='lat' dir='ltr'><strong>acobus</strong></span> <span class='ocrx_word' id='word_1_93' title='bbox 1600 1620 1677 1687; x_wconf 90' lang='lat' dir='ltr'><strong>de</strong></span> <span class='ocrx_word' id='word_1_94' title='bbox 1725 1620 1969 1688; x_wconf 89' lang='lat' dir='ltr'><strong>Belviso</strong></span> <span class='ocrx_word' id='word_1_95' title='bbox 2018 1628 2144 1706; x_wconf 92' lang='lat' dir='ltr'><strong>(m.</strong></span> <span class='ocrx_word' id='word_1_96' title='bbox 2191 1619 2399 1705; x_wconf 78' lang='lat'>1335)</span> <span class='ocrx_word' id='word_1_97' title='bbox 2434 1671 2450 1700; x_wconf 91' lang='lat'>‚</span> <span class='ocrx_word' id='word_1_98' title='bbox 2502 1617 2634 1685; x_wconf 82' lang='lat' dir='ltr'><strong>Al-</strong></span> 
     </span>
     <span class='ocr_line' id='line_1_13' title="bbox 533 1734 2639 1820; baseline -0.001 -17"><span class='ocrx_word' id='word_1_99' title='bbox 533 1737 782 1803; x_wconf 89' lang='lat' dir='ltr'><strong>bericus</strong></span> <span class='ocrx_word' id='word_1_100' title='bbox 824 1735 1049 1799; x_wconf 87' lang='lat' dir='ltr'><strong>Rosata</strong></span> <span class='ocrx_word' id='word_1_101' title='bbox 1099 1740 1187 1820; x_wconf 88' lang='lat'><strong>(2)</strong></span> <span class='ocrx_word' id='word_1_102' title='bbox 1224 1742 1353 1818; x_wconf 88' lang='lat' dir='ltr'><strong>(m.</strong></span> <span class='ocrx_word' id='word_1_103' title='bbox 1391 1735 1626 1819; x_wconf 75' lang='lat'><strong>1354).</strong></span> <span class='ocrx_word' id='word_1_104' title='bbox 1675 1736 1930 1803; x_wconf 86' lang='lat' dir='ltr'><strong>Saeculis</strong></span> <span class='ocrx_word' id='word_1_105' title='bbox 1966 1761 2117 1804; x_wconf 82' lang='lat' dir='ltr'><strong>vero</strong></span> <span class='ocrx_word' id='word_1_106' title='bbox 2152 1736 2315 1802; x_wconf 89' lang='lat' dir='ltr'><strong>XIV</strong></span> <span class='ocrx_word' id='word_1_107' title='bbox 2337 1747 2419 1802; x_wconf 62' lang='lat' dir='ltr'><strong>&gt;et</strong></span> <span class='ocrx_word' id='word_1_108' title='bbox 2446 1734 2584 1801; x_wconf 88' lang='lat' dir='ltr'><strong>XV</strong></span> <span class='ocrx_word' id='word_1_109' title='bbox 2611 1769 2639 1813; x_wconf 38' lang='lat'><strong>‚⁷</strong></span> 
     </span>
     <span class='ocr_line' id='line_1_14' title="bbox 536 1850 2643 1941; baseline 0 -24"><span class='ocrx_word' id='word_1_110' title='bbox 536 1853 609 1917; x_wconf 87' lang='lat' dir='ltr'><strong>in</strong></span> <span class='ocrx_word' id='word_1_111' title='bbox 653 1852 947 1918; x_wconf 87' lang='lat' dir='ltr'><strong>omnibus</strong></span> <span class='ocrx_word' id='word_1_112' title='bbox 983 1850 1112 1916; x_wconf 84' lang='lat' dir='ltr'><strong>fere</strong></span> <span class='ocrx_word' id='word_1_113' title='bbox 1160 1852 1435 1941; x_wconf 88' lang='lat' dir='ltr'><strong>Europae</strong></span> <span class='ocrx_word' id='word_1_114' title='bbox 1467 1852 1829 1917; x_wconf 85' lang='lat' dir='ltr'><strong>civitatibus</strong></span> <span class='ocrx_word' id='word_1_115' title='bbox 1863 1856 1958 1937; x_wconf 89' lang='lat' dir='ltr'><strong>jus</strong></span> <span class='ocrx_word' id='word_1_116' title='bbox 1991 1855 2345 1919; x_wconf 65' lang='lat' dir='ltr'><strong>romanum&#39;</strong></span> <span class='ocrx_word' id='word_1_117' title='bbox 2372 1876 2491 1917; x_wconf 91' lang='lat' dir='ltr'><strong>usu</strong></span> <span class='ocrx_word' id='word_1_118' title='bbox 2531 1875 2643 1917; x_wconf 87' lang='lat' dir='ltr'><strong>re—</strong></span> 
     </span>
     <span class='ocr_line' id='line_1_15' title="bbox 536 1952 2646 2057; baseline -0 -24"><span class='ocrx_word' id='word_1_119' title='bbox 536 1979 793 2056; x_wconf 87' lang='lat' dir='ltr'><strong>ceptum</strong></span> <span class='ocrx_word' id='word_1_120' title='bbox 850 1978 916 2037; x_wconf 86' lang='lat' dir='ltr'><strong>et</strong></span> <span class='ocrx_word' id='word_1_121' title='bbox 973 1964 1425 2031; x_wconf 84' lang='lat' dir='ltr'><strong>consuetudine</strong></span> <span class='ocrx_word' id='word_1_122' title='bbox 1466 1964 1797 2031; x_wconf 83' lang='lat' dir='ltr'><strong>firmatum</strong></span> <span class='ocrx_word' id='word_1_123' title='bbox 1847 1979 1947 2032; x_wconf 35' lang='lat' dir='ltr'><strong>est*</strong></span> <span class='ocrx_word' id='word_1_124' title='bbox 1974 2017 1991 2045; x_wconf 89' lang='lat'>‚</span> <span class='ocrx_word' id='word_1_125' title='bbox 2041 1971 2297 2057; x_wconf 84' lang='lat' dir='ltr'><strong>ejusque</strong></span> <span class='ocrx_word' id='word_1_126' title='bbox 2350 1952 2646 2032; x_wconf 82' lang='lat' dir='ltr'><strong>studium</strong></span> 
     </span>
     <span class='ocr_line' id='line_1_16' title="bbox 539 2078 2648 2166; baseline -0 -17"><span class='ocrx_word' id='word_1_127' title='bbox 539 2083 612 2148; x_wconf 88' lang='lat' dir='ltr'><strong>in</strong></span> <span class='ocrx_word' id='word_1_128' title='bbox 671 2080 886 2148; x_wconf 88' lang='lat' dir='ltr'><strong>multis</strong></span> <span class='ocrx_word' id='word_1_129' title='bbox 946 2080 1484 2147; x_wconf 86' lang='lat' dir='ltr'><strong>Universitatibus</strong></span> <span class='ocrx_word' id='word_1_130' title='bbox 1545 2078 1888 2145; x_wconf 84' lang='lat' dir='ltr'><strong>excultum.</strong></span> <span class='ocrx_word' id='word_1_131' title='bbox 1945 2078 2304 2148; x_wconf 83' lang='lat' dir='ltr'><strong>Plurimum</strong></span> <span class='ocrx_word' id='word_1_132' title='bbox 2361 2078 2443 2144; x_wconf 90' lang='lat' dir='ltr'><strong>ad</strong></span> <span class='ocrx_word' id='word_1_133' title='bbox 2498 2084 2648 2166; x_wconf 84' lang='lat' dir='ltr'><strong>ejus</strong></span> 
     </span>
     <span class='ocr_line' id='line_1_17' title="bbox 535 2191 2648 2279; baseline -0.001 -18"><span class='ocrx_word' id='word_1_134' title='bbox 535 2197 978 2262; x_wconf 87' lang='lat' dir='ltr'><strong>auctoritatem</strong></span> <span class='ocrx_word' id='word_1_135' title='bbox 1019 2193 1121 2257; x_wconf 85' lang='lat' dir='ltr'><strong>hae</strong></span> <span class='ocrx_word' id='word_1_136' title='bbox 1164 2193 1567 2258; x_wconf 84' lang='lat' dir='ltr'><strong>contribuere</strong></span> <span class='ocrx_word' id='word_1_137' title='bbox 1604 2242 1620 2270; x_wconf 91' lang='lat'>‚</span> <span class='ocrx_word' id='word_1_138' title='bbox 1667 2218 1785 2257; x_wconf 86' lang='lat' dir='ltr'><strong>nec</strong></span> <span class='ocrx_word' id='word_1_139' title='bbox 1828 2195 2037 2259; x_wconf 88' lang='lat' dir='ltr'><strong>minus</strong></span> <span class='ocrx_word' id='word_1_140' title='bbox 2080 2205 2329 2259; x_wconf 89' lang='lat' dir='ltr'><strong>mutata</strong></span> <span class='ocrx_word' id='word_1_141' title='bbox 2361 2191 2648 2279; x_wconf 85' lang='lat' dir='ltr'><strong>judicio-</strong></span> 
     </span>
     <span class='ocr_line' id='line_1_18' title="bbox 534 2305 2644 2406; baseline -0.001 -29"><span class='ocrx_word' id='word_1_142' title='bbox 534 2334 682 2377; x_wconf 86' lang='lat' dir='ltr'><strong>rum</strong></span> <span class='ocrx_word' id='word_1_143' title='bbox 723 2307 928 2376; x_wconf 88' lang='lat' dir='ltr'><strong>forma</strong></span> <span class='ocrx_word' id='word_1_144' title='bbox 977 2319 1043 2373; x_wconf 91' lang='lat' dir='ltr'><strong>et</strong></span> <span class='ocrx_word' id='word_1_145' title='bbox 1084 2305 1475 2404; x_wconf 87' lang='lat' dir='ltr'><strong>procedendi</strong></span> <span class='ocrx_word' id='word_1_146' title='bbox 1509 2307 1673 2374; x_wconf 90' lang='lat' dir='ltr'><strong>ratio</strong></span> <span class='ocrx_word' id='word_1_147' title='bbox 1703 2357 1721 2387; x_wconf 89' lang='lat'>‚</span> <span class='ocrx_word' id='word_1_148' title='bbox 1766 2307 2232 2406; x_wconf 78' lang='lat' dir='ltr'><strong>imperiumque</strong></span> <span class='ocrx_word' id='word_1_149' title='bbox 2267 2306 2644 2403; x_wconf 78' lang='lat' dir='ltr'><strong>principum</strong></span> 
     </span>
     <span class='ocr_line' id='line_1_19' title="bbox 534 2437 830 2491; baseline -0.007 0"><span class='ocrx_word' id='word_1_150' title='bbox 534 2437 830 2491; x_wconf 67' lang='lat' dir='ltr'><strong>auctum.</strong></span> 
     </span>
    </p>

    <p class='ocr_par' dir='ltr' id='par_1_5' title="bbox 535 2534 2644 2974">
     <span class='ocr_line' id='line_1_20' title="bbox 625 2534 2638 2627; baseline -0.001 -24"><span class='ocrx_word' id='word_1_151' title='bbox 625 2540 869 2603; x_wconf 87' lang='lat' dir='ltr'><strong>Interea</strong></span> <span class='ocrx_word' id='word_1_152' title='bbox 915 2549 1126 2601; x_wconf 88' lang='lat' dir='ltr'><strong>autem</strong></span> <span class='ocrx_word' id='word_1_153' title='bbox 1163 2536 1320 2621; x_wconf 82' lang='lat' dir='ltr'><strong>juris</strong></span> <span class='ocrx_word' id='word_1_154' title='bbox 1367 2535 1680 2602; x_wconf 87' lang='lat' dir='ltr'><strong>tractandi</strong></span> <span class='ocrx_word' id='word_1_155' title='bbox 1726 2535 2058 2602; x_wconf 81' lang='lat' dir='ltr'><strong>methodus</strong></span> <span class='ocrx_word' id='word_1_156' title='bbox 2104 2536 2175 2601; x_wconf 92' lang='lat' dir='ltr'><strong>in</strong></span> <span class='ocrx_word' id='word_1_157' title='bbox 2212 2535 2346 2603; x_wconf 90' lang='lat' dir='ltr'><strong>dies</strong></span> <span class='ocrx_word' id='word_1_158' title='bbox 2392 2534 2638 2627; x_wconf 81' lang='lat' dir='ltr'><strong>depra-</strong></span> 
     </span>
     <span class='ocr_line' id='line_1_21' title="bbox 537 2648 2644 2736; baseline -0 -18"><span class='ocrx_word' id='word_1_159' title='bbox 537 2654 806 2723; x_wconf 84' lang='lat' dir='ltr'><strong>vabatur</strong></span> <span class='ocrx_word' id='word_1_160' title='bbox 844 2701 861 2730; x_wconf 89' lang='lat'>,</span> <span class='ocrx_word' id='word_1_161' title='bbox 907 2675 1073 2716; x_wconf 68' lang='lat' dir='ltr'><strong>cum</strong></span> <span class='ocrx_word' id='word_1_162' title='bbox 1136 2648 1535 2715; x_wconf 82' lang='lat' dir='ltr'><strong>scholastica&#39;</strong></span> <span class='ocrx_word' id='word_1_163' title='bbox 1562 2648 1833 2719; x_wconf 87' lang='lat' dir='ltr'><strong>docendi</strong></span> <span class='ocrx_word' id='word_1_164' title='bbox 1887 2651 2050 2716; x_wconf 88' lang='lat' dir='ltr'><strong>ratio</strong></span> <span class='ocrx_word' id='word_1_165' title='bbox 2118 2652 2310 2718; x_wconf 86' lang='lat' dir='ltr'><strong>etiam</strong></span> <span class='ocrx_word' id='word_1_166' title='bbox 2364 2653 2433 2718; x_wconf 91' lang='lat' dir='ltr'><strong>in</strong></span> <span class='ocrx_word' id='word_1_167' title='bbox 2499 2654 2644 2736; x_wconf 81' lang='lat' dir='ltr'><strong>ejus</strong></span> 
     </span>
     <span class='ocr_line' id='line_1_22' title="bbox 535 2760 2642 2858; baseline -0.002 -21"><span class='ocrx_word' id='word_1_168' title='bbox 535 2760 763 2837; x_wconf 77' lang='lat' dir='ltr'><strong>scholis</strong></span> <span class='ocrx_word' id='word_1_169' title='bbox 805 2776 1201 2858; x_wconf 81' lang='lat' dir='ltr'><strong>penetrasset.</strong></span> <span class='ocrx_word' id='word_1_170' title='bbox 1248 2763 1630 2855; x_wconf 83' lang='lat' dir='ltr'><strong>Disputandi</strong></span> <span class='ocrx_word' id='word_1_171' title='bbox 1679 2764 1758 2833; x_wconf 84' lang='lat' dir='ltr'><strong>de</strong></span> <span class='ocrx_word' id='word_1_172' title='bbox 1801 2765 1987 2830; x_wconf 86' lang='lat' dir='ltr'><strong>rebus</strong></span> <span class='ocrx_word' id='word_1_173' title='bbox 2028 2766 2282 2833; x_wconf 87' lang='lat' dir='ltr'><strong>minimi</strong></span> <span class='ocrx_word' id='word_1_174' title='bbox 2322 2768 2642 2834; x_wconf 85' lang='lat' dir='ltr'><strong>momenti</strong></span> 
     </span>
     <span class='ocr_line' id='line_1_23' title="bbox 535 2876 2643 2974; baseline -0.001 -27"><span class='ocrx_word' id='word_1_175' title='bbox 535 2884 718 2955; x_wconf 83' lang='lat' dir='ltr'><strong>furor</strong></span> <span class='ocrx_word' id='word_1_176' title='bbox 742 2933 759 2961; x_wconf 89' lang='lat'>,</span> <span class='ocrx_word' id='word_1_177' title='bbox 794 2882 1012 2947; x_wconf 87' lang='lat' dir='ltr'><strong>inanes</strong></span> <span class='ocrx_word' id='word_1_178' title='bbox 1036 2876 1373 2972; x_wconf 84' lang='lat' dir='ltr'><strong>sutilesque</strong></span> <span class='ocrx_word' id='word_1_179' title='bbox 1401 2881 1775 2970; x_wconf 81' lang='lat' dir='ltr'><strong>quaestiones</strong></span> <span class='ocrx_word' id='word_1_180' title='bbox 1793 2878 2076 2974; x_wconf 76' lang='lat' dir='ltr'><strong>agitandi</strong></span> <span class='ocrx_word' id='word_1_181' title='bbox 2097 2877 2486 2947; x_wconf 83' lang='lat' dir='ltr'><strong>consuetudo</strong></span> <span class='ocrx_word' id='word_1_182' title='bbox 2506 2878 2598 2966; x_wconf 80' lang='lat'><strong>(3)</strong></span> <span class='ocrx_word' id='word_1_183' title='bbox 2624 2932 2643 2960; x_wconf 79' lang='lat'>,</span> 
     </span>
    </p>
   </div>
   <div class='ocr_carea' id='block_1_2' title="bbox 542 3080 741 3101">
    <p class='ocr_par' dir='ltr' id='par_1_6' title="bbox 542 3080 741 3101">
     <span class='ocr_line' id='line_1_24' title="bbox 542 3080 741 3101; baseline -0.01 -4"><span class='ocrx_word' id='word_1_184' title='bbox 542 3080 741 3101; x_wconf 50' lang='lat' dir='ltr'><strong>-ss-</strong></span> 
     </span>
    </p>
   </div>
   <div class='ocr_carea' id='block_1_3' title="bbox 532 3132 2659 4236">
    <p class='ocr_par' dir='ltr' id='par_1_7' title="bbox 535 3132 2659 3713">
     <span class='ocr_line' id='line_1_25' title="bbox 643 3132 648 3157; baseline 0 0"><span class='ocrx_word' id='word_1_185' title='bbox 643 3132 648 3157; x_wconf 73' lang='grc' dir='ltr'><strong>ι</strong></span> 
     </span>
     <span class='ocr_line' id='line_1_26' title="bbox 619 3186 2659 3286; baseline -0.001 -18"><span class='ocrx_word' id='word_1_186' title='bbox 619 3188 726 3286; x_wconf 77' lang='lat'><strong>(1)</strong></span> <span class='ocrx_word' id='word_1_187' title='bbox 769 3186 1078 3265; x_wconf 80' lang='lat' dir='ltr'><strong>Libellum</strong></span> <span class='ocrx_word' id='word_1_188' title='bbox 1123 3204 1372 3285; x_wconf 86' lang='lat' dir='ltr'><strong>scripsit</strong></span> <span class='ocrx_word' id='word_1_189' title='bbox 1416 3202 1494 3266; x_wconf 89' lang='lat' dir='ltr'><strong>de</strong></span> <span class='ocrx_word' id='word_1_190' title='bbox 1549 3202 1668 3267; x_wconf 87' lang='lat' dir='ltr'><strong>hoc</strong></span> <span class='ocrx_word' id='word_1_191' title='bbox 1717 3200 1882 3268; x_wconf 59' lang='lat' dir='ltr'><strong>clar.</strong></span> <span class='ocrx_word' id='word_1_192' title='bbox 1923 3203 1993 3263; x_wconf 89' lang='lat' dir='ltr'><strong>C.</strong></span> <span class='ocrx_word' id='word_1_193' title='bbox 2043 3203 2118 3263; x_wconf 83' lang='lat' dir='ltr'><strong>F.</strong></span> <span class='ocrx_word' id='word_1_194' title='bbox 2167 3202 2413 3267; x_wconf 83' lang='lat' dir='ltr'><strong>Wenck</strong></span> <span class='ocrx_word' id='word_1_195' title='bbox 2433 3251 2459 3280; x_wconf 86' lang='lat'><em>,</em></span> <span class='ocrx_word' id='word_1_196' title='bbox 2514 3202 2659 3266; x_wconf 72' lang='lat' dir='ltr'><strong>sub·</strong></span> 
     </span>
     <span class='ocr_line' id='line_1_27' title="bbox 537 3292 2641 3395; baseline -0.004 -19"><span class='ocrx_word' id='word_1_197' title='bbox 537 3312 725 3376; x_wconf 86' lang='lat' dir='ltr'><strong>titulo</strong></span> <span class='ocrx_word' id='word_1_198' title='bbox 763 3335 781 3373; x_wconf 75' lang='grc' dir='ltr'><strong><em>ε</em></strong></span> <span class='ocrx_word' id='word_1_199' title='bbox 823 3313 1134 3391; x_wconf 77' lang='lat' dir='ltr'><strong>Magister</strong></span> <span class='ocrx_word' id='word_1_200' title='bbox 1168 3310 1470 3372; x_wconf 77' lang='lat' dir='ltr'><strong>Vacarius</strong></span> <span class='ocrx_word' id='word_1_201' title='bbox 1508 3312 1747 3395; x_wconf 77' lang='lat' dir='ltr'><strong>primus</strong></span> <span class='ocrx_word' id='word_1_202' title='bbox 1773 3296 1934 3386; x_wconf 61' lang='lat' dir='ltr'><strong>suris</strong></span> <span class='ocrx_word' id='word_1_203' title='bbox 1974 3312 2224 3371; x_wconf 82' lang='lat' dir='ltr'><strong>romani</strong></span> <span class='ocrx_word' id='word_1_204' title='bbox 2274 3312 2343 3374; x_wconf 79' lang='lat' dir='ltr'><strong>in</strong></span> <span class='ocrx_word' id='word_1_205' title='bbox 2389 3292 2641 3388; x_wconf 52' lang='lat' dir='ltr'><strong>Angli&amp;</strong></span> 
     </span>
     <span class='ocr_line' id='line_1_28' title="bbox 537 3400 2632 3503; baseline -0.001 -23"><span class='ocrx_word' id='word_1_206' title='bbox 537 3400 873 3500; x_wconf 71' lang='lat' dir='ltr'><strong>Professor</strong></span> <span class='ocrx_word' id='word_1_207' title='bbox 897 3466 914 3495; x_wconf 85' lang='lat'><em>,</em></span> <span class='ocrx_word' id='word_1_208' title='bbox 940 3419 1164 3503; x_wconf 81' lang='lat' dir='ltr'><strong>Lipsiae</strong></span> <span class='ocrx_word' id='word_1_209' title='bbox 1218 3415 1403 3498; x_wconf 82' lang='lat'>1819,</span> <span class='ocrx_word' id='word_1_210' title='bbox 1434 3414 1521 3476; x_wconf 85' lang='lat'><strong>8⁰.</strong></span> <span class='ocrx_word' id='word_1_211' title='bbox 1554 3416 1808 3477; x_wconf 86' lang='lat' dir='ltr'><strong>Codices</strong></span> <span class='ocrx_word' id='word_1_212' title='bbox 1849 3415 2029 3498; x_wconf 84' lang='lat' dir='ltr'><strong>hujus</strong></span> <span class='ocrx_word' id='word_1_213' title='bbox 2070 3419 2273 3498; x_wconf 88' lang='lat' dir='ltr'><strong>operis</strong></span> <span class='ocrx_word' id='word_1_214' title='bbox 2322 3414 2632 3477; x_wconf 78' lang='lat' dir='ltr'><strong>rarissimi</strong></span> 
     </span>
     <span class='ocr_line' id='line_1_29' title="bbox 536 3510 2641 3605; baseline -0.005 -13"><span class='ocrx_word' id='word_1_215' title='bbox 536 3542 702 3594; x_wconf 85' lang='lat' dir='ltr'><strong>sunt.</strong></span> <span class='ocrx_word' id='word_1_216' title='bbox 742 3510 1069 3589; x_wconf 82' lang='lat' dir='ltr'><strong>Invenitur</strong></span> <span class='ocrx_word' id='word_1_217' title='bbox 1101 3520 1409 3604; x_wconf 83' lang='lat' dir='ltr'><strong>exemplar</strong></span> <span class='ocrx_word' id='word_1_218' title='bbox 1454 3524 1520 3583; x_wconf 90' lang='lat' dir='ltr'><strong>in</strong></span> <span class='ocrx_word' id='word_1_219' title='bbox 1550 3516 1925 3590; x_wconf 84' lang='lat' dir='ltr'><strong>bibliotheca</strong></span> <span class='ocrx_word' id='word_1_220' title='bbox 1970 3524 2286 3605; x_wconf 78' lang='lat' dir='ltr'><strong>Brugensi.</strong></span> <span class='ocrx_word' id='word_1_221' title='bbox 2332 3522 2411 3584; x_wconf 88' lang='lat' dir='ltr'><strong>V.</strong></span> <span class='ocrx_word' id='word_1_222' title='bbox 2461 3523 2521 3585; x_wconf 90' lang='lat' dir='ltr'><em>T</em></span> <span class='ocrx_word' id='word_1_223' title='bbox 2516 3524 2641 3583; x_wconf 68' lang='lat' dir='ltr'><strong>lce&#39;-</strong></span> 
     </span>
     <span class='ocr_line' id='line_1_30' title="bbox 535 3620 2607 3713; baseline -0.008 -14"><span class='ocrx_word' id='word_1_224' title='bbox 535 3640 691 3711; x_wconf 76' lang='lat' dir='ltr'><strong>mi3‚</strong></span> <span class='ocrx_word' id='word_1_225' title='bbox 736 3635 811 3694; x_wconf 92' lang='lat' dir='ltr'><strong>T.</strong></span> <span class='ocrx_word' id='word_1_226' title='bbox 857 3632 939 3692; x_wconf 87' lang='lat' dir='ltr'><strong>V.</strong></span> <span class='ocrx_word' id='word_1_227' title='bbox 981 3654 1045 3713; x_wconf 90' lang='lat' dir='ltr'><strong>p.</strong></span> <span class='ocrx_word' id='word_1_228' title='bbox 1089 3629 1227 3691; x_wconf 78' lang='lat'><strong>315.</strong></span> <span class='ocrx_word' id='word_1_229' title='bbox 1774 3710 1777 3713; x_wconf 21' lang='grc' dir='ltr'>Ι</span> <span class='ocrx_word' id='word_1_230' title='bbox 2604 3620 2607 3623; x_wconf 63' lang='grc'><strong>’</strong></span> 
     </span>
    </p>

    <p class='ocr_par' dir='ltr' id='par_1_8' title="bbox 619 3734 2032 3823">
     <span class='ocr_line' id='line_1_31' title="bbox 619 3734 2032 3823; baseline -0.002 -21"><span class='ocrx_word' id='word_1_231' title='bbox 619 3745 728 3823; x_wconf 79' lang='lat'>(⁰2)</span> <span class='ocrx_word' id='word_1_232' title='bbox 771 3743 1007 3801; x_wconf 86' lang='lat' dir='ltr'><strong>Auctor</strong></span> <span class='ocrx_word' id='word_1_233' title='bbox 1049 3740 1203 3818; x_wconf 85' lang='lat' dir='ltr'><strong>juris</strong></span> <span class='ocrx_word' id='word_1_234' title='bbox 1255 3736 1605 3798; x_wconf 87' lang='lat' dir='ltr'><strong>dictionarii</strong></span> <span class='ocrx_word' id='word_1_235' title='bbox 1646 3734 2032 3821; x_wconf 83' lang='lat' dir='ltr'><strong>amplissimi.</strong></span> 
     </span>
    </p>

    <p class='ocr_par' dir='ltr' id='par_1_9' title="bbox 532 3826 2636 4236">
     <span class='ocr_line' id='line_1_32' title="bbox 619 3826 2636 3929; baseline -0.006 -19"><span class='ocrx_word' id='word_1_236' title='bbox 619 3850 725 3929; x_wconf 81' lang='lat'><strong>(3)</strong></span> <span class='ocrx_word' id='word_1_237' title='bbox 771 3848 866 3908; x_wconf 84' lang='lat' dir='ltr'><strong>Ad</strong></span> <span class='ocrx_word' id='word_1_238' title='bbox 890 3848 1336 3909; x_wconf 80' lang='lat' dir='ltr'><strong>controversias</strong></span> <span class='ocrx_word' id='word_1_239' title='bbox 1369 3826 2211 3924; x_wconf 50' lang='lat' dir='ltr'><strong>elucidandas⁴professores,</strong></span> <span class='ocrx_word' id='word_1_240' title='bbox 2247 3864 2636 3904; x_wconf 72' lang='lat' dir='ltr'><strong>concurr-en..</strong></span> 
     </span>
     <span class='ocr_line' id='line_1_33' title="bbox 536 3938 2619 4035; baseline -0.002 -15"><span class='ocrx_word' id='word_1_241' title='bbox 536 3962 688 4020; x_wconf 77' lang='lat' dir='ltr'><strong>tium</strong></span> <span class='ocrx_word' id='word_1_242' title='bbox 718 3938 984 4016; x_wconf 31' lang='lat' dir='ltr'><strong>nomine·</strong></span> <span class='ocrx_word' id='word_1_243' title='bbox 1001 3966 1294 4035; x_wconf 80' lang='lat' dir='ltr'><strong>tanquam</strong></span> <span class='ocrx_word' id='word_1_244' title='bbox 1319 3942 1623 4032; x_wconf 81' lang='lat' dir='ltr'><strong>legitimos</strong></span> <span class='ocrx_word' id='word_1_245' title='bbox 1648 3944 1876 4019; x_wconf 80' lang='lat' dir='ltr'><strong>habere</strong></span> <span class='ocrx_word' id='word_1_246' title='bbox 1898 3951 2182 4016; x_wconf 85' lang='lat' dir='ltr'><strong>solebant</strong></span> <span class='ocrx_word' id='word_1_247' title='bbox 2202 3950 2619 4016; x_wconf 80' lang='lat' dir='ltr'><strong>adversarios.</strong></span> 
     </span>
     <span class='ocr_line' id='line_1_34' title="bbox 535 4046 2631 4142; baseline -0.001 -19"><span class='ocrx_word' id='word_1_248' title='bbox 535 4067 757 4142; x_wconf 59' lang='lat' dir='ltr'><strong>Helge,</strong></span> <span class='ocrx_word' id='word_1_249' title='bbox 820 4061 846 4142; x_wconf 86' lang='lat'><em>§</em></span> <span class='ocrx_word' id='word_1_250' title='bbox 915 4046 1044 4121; x_wconf 77' lang='lat'><strong>1‘35.</strong></span> <span class='ocrx_word' id='word_1_251' title='bbox 1092 4059 1185 4117; x_wconf 86' lang='lat' dir='ltr'><strong>De</strong></span> <span class='ocrx_word' id='word_1_252' title='bbox 1235 4058 1525 4119; x_wconf 87' lang='lat' dir='ltr'><strong>methodo</strong></span> <span class='ocrx_word' id='word_1_253' title='bbox 1571 4056 1932 4121; x_wconf 87' lang='lat' dir='ltr'><strong>scholastica</strong></span> <span class='ocrx_word' id='word_1_254' title='bbox 1998 4059 2276 4121; x_wconf 81' lang='lat' dir='ltr'><strong>Gravina</strong></span> <span class='ocrx_word' id='word_1_255' title='bbox 2321 4080 2375 4121; x_wconf 90' lang='lat' dir='ltr'><strong>c.</strong></span> <span class='ocrx_word' id='word_1_256' title='bbox 2442 4056 2557 4142; x_wconf 73' lang='lat'><strong>164</strong></span> <span class='ocrx_word' id='word_1_257' title='bbox 2603 4083 2631 4141; x_wconf 75' lang='lat'>3</span> 
     </span>
     <span class='ocr_line' id='line_1_35' title="bbox 532 4160 2577 4236; baseline -0.008 -1"><span class='ocrx_word' id='word_1_258' title='bbox 532 4172 788 4236; x_wconf 75' lang='lat' dir='ltr'><strong>Berriat</strong></span> <span class='ocrx_word' id='word_1_259' title='bbox 828 4168 1137 4230; x_wconf 55' lang='lat' dir='ltr'><strong>:Sa—Pria·</strong></span> <span class='ocrx_word' id='word_1_260' title='bbox 1178 4164 1219 4227; x_wconf 93' lang='lat' dir='ltr'><strong>l.</strong></span> <span class='ocrx_word' id='word_1_261' title='bbox 1270 4187 1325 4226; x_wconf 84' lang='lat' dir='ltr'><strong>e.</strong></span> <span class='ocrx_word' id='word_1_262' title='bbox 2492 4164 2497 4171; x_wconf 81' lang='grc'><strong>’</strong></span> <span class='ocrx_word' id='word_1_263' title='bbox 2574 4160 2577 4167; x_wconf 81' lang='grc'><strong><em>’</em></strong></span> 
     </span>
    </p>
   </div>
  </div>
 </body>
</html>
