<?xml version="1.0" encoding="UTF-8"?>
<!DOCTYPE html PUBLIC "-//W3C//DTD XHTML 1.0 Transitional//EN"
    "http://www.w3.org/TR/xhtml1/DTD/xhtml1-transitional.dtd">
<html xmlns="http://www.w3.org/1999/xhtml" xml:lang="en" lang="en">
 <head>
  <title>
</title>
<meta http-equiv="Content-Type" content="text/html;charset=utf-8" />
  <meta name='ocr-system' content='tesseract 3.04.00' />
  <meta name='ocr-capabilities' content='ocr_page ocr_carea ocr_par ocr_line ocrx_word'/>
</head>
<body>
  <div class='ocr_page' id='page_1' title='image "./commentariijuri00warngoog/commentariijuri00warngoog_0171.png"; bbox 0 0 2893 4778; ppageno 0'>
   <div class='ocr_carea' id='block_1_1' title="bbox 817 310 2285 384">
    <p class='ocr_par' dir='ltr' id='par_1_1' title="bbox 817 310 2285 384">
     <span class='ocr_line' id='line_1_1' title="bbox 817 310 2285 384; baseline 0 -1"><span class='ocrx_word' id='word_1_1' title='bbox 817 338 1031 384; x_wconf 69' lang='lat' dir='ltr'><strong>mmm</strong></span> <span class='ocrx_word' id='word_1_2' title='bbox 1086 338 1138 382; x_wconf 90' lang='lat'><strong>1.</strong></span> <span class='ocrx_word' id='word_1_3' title='bbox 1193 350 1287 368; x_wconf 89' lang='lat'><strong>-·</strong></span> <span class='ocrx_word' id='word_1_4' title='bbox 1344 335 1503 384; x_wconf 79' lang='lat' dir='ltr'><strong>CAP.</strong></span> <span class='ocrx_word' id='word_1_5' title='bbox 1555 335 1610 384; x_wconf 88' lang='lat'><strong>1.</strong></span> <span class='ocrx_word' id='word_1_6' title='bbox 1800 359 1803 362; x_wconf 96' lang='lat'>-</span> <span class='ocrx_word' id='word_1_7' title='bbox 2024 355 2035 368; x_wconf 86' lang='lat'><strong>·</strong></span> <span class='ocrx_word' id='word_1_8' title='bbox 2157 310 2285 383; x_wconf 74' lang='lat'><strong>151</strong></span> 
     </span>
    </p>
   </div>
   <div class='ocr_carea' id='block_1_2' title="bbox 165 456 2326 2499">
    <p class='ocr_par' dir='ltr' id='par_1_2' title="bbox 193 456 2299 1460">
     <span class='ocr_line' id='line_1_2' title="bbox 276 456 2294 551; baseline -0 -26"><span class='ocrx_word' id='word_1_9' title='bbox 276 460 339 525; x_wconf 90' lang='lat'><strong>6.</strong></span> <span class='ocrx_word' id='word_1_10' title='bbox 390 459 543 525; x_wconf 89' lang='lat' dir='ltr'><strong>Alia</strong></span> <span class='ocrx_word' id='word_1_11' title='bbox 580 458 912 526; x_wconf 84' lang='lat' dir='ltr'><strong>distinctio</strong></span> <span class='ocrx_word' id='word_1_12' title='bbox 941 459 1081 524; x_wconf 81' lang='lat' dir='ltr'><strong>haec</strong></span> <span class='ocrx_word' id='word_1_13' title='bbox 1122 471 1215 526; x_wconf 90' lang='lat' dir='ltr'><strong>est</strong></span> <span class='ocrx_word' id='word_1_14' title='bbox 1244 509 1261 538; x_wconf 95' lang='lat'>,</span> <span class='ocrx_word' id='word_1_15' title='bbox 1309 462 1411 546; x_wconf 83' lang='lat' dir='ltr'><strong>jus</strong></span> <span class='ocrx_word' id='word_1_16' title='bbox 1449 482 1576 523; x_wconf 88' lang='lat' dir='ltr'><strong>esse</strong></span> <span class='ocrx_word' id='word_1_17' title='bbox 1614 456 1951 549; x_wconf 88' lang='lat' dir='ltr'><strong>publicum</strong></span> <span class='ocrx_word' id='word_1_18' title='bbox 1993 470 2106 525; x_wconf 87' lang='lat' dir='ltr'><strong>aut</strong></span> <span class='ocrx_word' id='word_1_19' title='bbox 2146 461 2294 551; x_wconf 84' lang='lat' dir='ltr'><strong>pri-</strong></span> 
     </span>
     <span class='ocr_line' id='line_1_3' title="bbox 194 549 2297 666; baseline -0.001 -26"><span class='ocrx_word' id='word_1_20' title='bbox 194 586 427 640; x_wconf 78' lang='lat' dir='ltr'><strong>vatum.</strong></span> <span class='ocrx_word' id='word_1_21' title='bbox 476 575 620 641; x_wconf 89' lang='lat' dir='ltr'><strong>Hoc</strong></span> <span class='ocrx_word' id='word_1_22' title='bbox 666 571 1074 666; x_wconf 85' lang='lat' dir='ltr'><strong>singulorum</strong></span> <span class='ocrx_word' id='word_1_23' title='bbox 1121 549 1467 639; x_wconf 75' lang='lat' dir='ltr'><strong>liominum</strong></span> <span class='ocrx_word' id='word_1_24' title='bbox 1490 572 1586 637; x_wconf 59' lang='lat' dir='ltr'><strong>⁴in</strong></span> <span class='ocrx_word' id='word_1_25' title='bbox 1633 571 1890 641; x_wconf 81' lang='lat' dir='ltr'><strong>civitate</strong></span> <span class='ocrx_word' id='word_1_26' title='bbox 1923 570 2297 664; x_wconf 86' lang='lat' dir='ltr'><strong>degentium</strong></span> 
     </span>
     <span class='ocr_line' id='line_1_4' title="bbox 196 677 2299 782; baseline 0.001 -32"><span class='ocrx_word' id='word_1_27' title='bbox 196 688 355 759; x_wconf 83' lang='lat' dir='ltr'><strong>inter</strong></span> <span class='ocrx_word' id='word_1_28' title='bbox 383 711 452 752; x_wconf 89' lang='lat' dir='ltr'><strong>se</strong></span> <span class='ocrx_word' id='word_1_29' title='bbox 481 687 819 755; x_wconf 74' lang='lat' dir='ltr'><strong>relationes</strong></span> <span class='ocrx_word' id='word_1_30' title='bbox 852 688 1023 782; x_wconf 86' lang='lat' dir='ltr'><strong>regit</strong></span> <span class='ocrx_word' id='word_1_31' title='bbox 1054 681 1406 779; x_wconf 81' lang='lat' dir='ltr'><strong>eorumque</strong></span> <span class='ocrx_word' id='word_1_32' title='bbox 1432 677 1696 779; x_wconf 81' lang='lat' dir='ltr'><strong>privatis</strong></span> <span class='ocrx_word' id='word_1_33' title='bbox 1727 686 2110 753; x_wconf 72' lang='lat' dir='ltr'><strong>utilitatibus</strong></span> <span class='ocrx_word' id='word_1_34' title='bbox 2141 710 2299 753; x_wconf 91' lang='lat' dir='ltr'><strong>con-</strong></span> 
     </span>
     <span class='ocr_line' id='line_1_5' title="bbox 194 779 2296 892; baseline 0 -26"><span class='ocrx_word' id='word_1_35' title='bbox 194 798 353 866; x_wconf 84' lang='lat' dir='ltr'><strong>sulit.</strong></span> <span class='ocrx_word' id='word_1_36' title='bbox 404 797 575 865; x_wconf 90' lang='lat' dir='ltr'><strong>Illud</strong></span> <span class='ocrx_word' id='word_1_37' title='bbox 612 800 1138 870; x_wconf 86' lang='lat' dir='ltr'><strong>constitutionem</strong></span> <span class='ocrx_word' id='word_1_38' title='bbox 1176 779 1367 891; x_wconf 87' lang='lat' dir='ltr'><strong>atque</strong></span> <span class='ocrx_word' id='word_1_39' title='bbox 1395 797 1669 865; x_wconf 82' lang='lat' dir='ltr'><strong>formam</strong></span> <span class='ocrx_word' id='word_1_40' title='bbox 1701 797 2064 891; x_wconf 81' lang='lat' dir='ltr'><strong>reipublicae</strong></span> <span class='ocrx_word' id='word_1_41' title='bbox 2099 800 2296 892; x_wconf 86' lang='lat' dir='ltr'><strong>ipsius</strong></span> 
     </span>
     <span class='ocr_line' id='line_1_6' title="bbox 193 911 2292 1006; baseline 0.001 -29"><span class='ocrx_word' id='word_1_42' title='bbox 193 911 404 978; x_wconf 84' lang='lat' dir='ltr'><strong>definit</strong></span> <span class='ocrx_word' id='word_1_43' title='bbox 447 925 515 979; x_wconf 90' lang='lat' dir='ltr'><strong>et</strong></span> <span class='ocrx_word' id='word_1_44' title='bbox 564 912 822 1006; x_wconf 79' lang='lat' dir='ltr'><strong>vincula</strong></span> <span class='ocrx_word' id='word_1_45' title='bbox 871 916 1040 980; x_wconf 88' lang='lat' dir='ltr'><strong>inter</strong></span> <span class='ocrx_word' id='word_1_46' title='bbox 1088 912 1370 1006; x_wconf 87' lang='lat' dir='ltr'><strong>singulos</strong></span> <span class='ocrx_word' id='word_1_47' title='bbox 1433 913 1920 1005; x_wconf 85' lang='lat' dir='ltr'><strong>universamque</strong></span> <span class='ocrx_word' id='word_1_48' title='bbox 1965 914 2292 981; x_wconf 87' lang='lat' dir='ltr'><strong>civitatem</strong></span> 
     </span>
     <span class='ocr_line' id='line_1_7' title="bbox 196 1019 2294 1118; baseline 0.002 -28"><span class='ocrx_word' id='word_1_49' title='bbox 196 1029 528 1092; x_wconf 87' lang='lat' dir='ltr'><strong>necessaria</strong></span> <span class='ocrx_word' id='word_1_50' title='bbox 570 1030 792 1094; x_wconf 80' lang='lat' dir='ltr'><strong>statuit</strong></span> <span class='ocrx_word' id='word_1_51' title='bbox 853 1033 990 1113; x_wconf 91' lang='lat'><strong>(1).</strong></span> <span class='ocrx_word' id='word_1_52' title='bbox 1039 1019 1285 1096; x_wconf 81' lang='lat' dir='ltr'><strong>Latiori</strong></span> <span class='ocrx_word' id='word_1_53' title='bbox 1328 1041 1544 1093; x_wconf 89' lang='lat' dir='ltr'><strong>tamen</strong></span> <span class='ocrx_word' id='word_1_54' title='bbox 1591 1050 1774 1092; x_wconf 82' lang='lat' dir='ltr'><strong>sensu</strong></span> <span class='ocrx_word' id='word_1_55' title='bbox 1822 1026 2155 1118; x_wconf 86' lang='lat' dir='ltr'><strong>publicum</strong></span> <span class='ocrx_word' id='word_1_56' title='bbox 2193 1030 2294 1115; x_wconf 85' lang='lat' dir='ltr'><strong>jus</strong></span> 
     </span>
     <span class='ocr_line' id='line_1_8' title="bbox 195 1138 2294 1235; baseline 0.002 -30"><span class='ocrx_word' id='word_1_57' title='bbox 195 1138 415 1207; x_wconf 81' lang='lat' dir='ltr'><strong>dicitur</strong></span> <span class='ocrx_word' id='word_1_58' title='bbox 448 1166 642 1208; x_wconf 90' lang='lat' dir='ltr'><strong>omne</strong></span> <span class='ocrx_word' id='word_1_59' title='bbox 683 1140 783 1223; x_wconf 87' lang='lat' dir='ltr'><strong>id,</strong></span> <span class='ocrx_word' id='word_1_60' title='bbox 819 1141 995 1234; x_wconf 84' lang='lat' dir='ltr'><strong>quod</strong></span> <span class='ocrx_word' id='word_1_61' title='bbox 1014 1194 1031 1223; x_wconf 87' lang='lat'>‚</span> <span class='ocrx_word' id='word_1_62' title='bbox 1080 1143 1370 1235; x_wconf 83' lang='lat' dir='ltr'><strong>quamvis</strong></span> <span class='ocrx_word' id='word_1_63' title='bbox 1417 1164 1539 1233; x_wconf 90' lang='lat' dir='ltr'><strong>pro</strong></span> <span class='ocrx_word' id='word_1_64' title='bbox 1581 1139 1982 1234; x_wconf 84' lang='lat' dir='ltr'><strong>singulorum</strong></span> <span class='ocrx_word' id='word_1_65' title='bbox 2020 1141 2294 1232; x_wconf 81' lang='lat' dir='ltr'><strong>utilitate</strong></span> 
     </span>
     <span class='ocr_line' id='line_1_9' title="bbox 198 1245 2296 1337; baseline 0.002 -17"><span class='ocrx_word' id='word_1_66' title='bbox 198 1256 607 1321; x_wconf 88' lang='lat' dir='ltr'><strong>constitutum</strong></span> <span class='ocrx_word' id='word_1_67' title='bbox 645 1306 662 1337; x_wconf 87' lang='lat'><strong>,</strong></span> <span class='ocrx_word' id='word_1_68' title='bbox 733 1256 969 1323; x_wconf 86' lang='lat' dir='ltr'><strong>horum</strong></span> <span class='ocrx_word' id='word_1_69' title='bbox 1018 1269 1233 1322; x_wconf 87' lang='lat' dir='ltr'><strong>tamen</strong></span> <span class='ocrx_word' id='word_1_70' title='bbox 1273 1254 1821 1324; x_wconf 78' lang='lat' dir='ltr'><strong>&#39;conventionibus</strong></span> <span class='ocrx_word' id='word_1_71' title='bbox 1879 1263 2115 1323; x_wconf 72' lang='lat' dir='ltr'><strong>mutari</strong></span> <span class='ocrx_word' id='word_1_72' title='bbox 2159 1245 2296 1324; x_wconf 72' lang='lat' dir='ltr'><strong>non</strong></span> 
     </span>
     <span class='ocr_line' id='line_1_10' title="bbox 195 1374 2265 1460; baseline 0.001 -26"><span class='ocrx_word' id='word_1_73' title='bbox 195 1381 388 1460; x_wconf 10' lang='lat' dir='ltr'><strong>§potest</strong></span> <span class='ocrx_word' id='word_1_74' title='bbox 422 1375 500 1452; x_wconf 82' lang='lat'><strong>(2</strong></span> <span class='ocrx_word' id='word_1_75' title='bbox 517 1374 570 1454; x_wconf 87' lang='lat'><strong>).</strong></span> <span class='ocrx_word' id='word_1_76' title='bbox 2261 1451 2265 1454; x_wconf 19' lang='lat'><strong>¹</strong></span> 
     </span>
    </p>

    <p class='ocr_par' dir='ltr' id='par_1_3' title="bbox 165 1479 2333 2499">
     <span class='ocr_line' id='line_1_11' title="bbox 280 1479 2291 1575; baseline 0.002 -27"><span class='ocrx_word' id='word_1_77' title='bbox 280 1506 332 1572; x_wconf 90' lang='lat'><strong>7.</strong></span> <span class='ocrx_word' id='word_1_78' title='bbox 377 1484 613 1575; x_wconf 86' lang='lat' dir='ltr'><strong>Magni</strong></span> <span class='ocrx_word' id='word_1_79' title='bbox 660 1484 970 1550; x_wconf 82' lang='lat' dir='ltr'><strong>momenti</strong></span> <span class='ocrx_word' id='word_1_80' title='bbox 1008 1482 1148 1549; x_wconf 81' lang='lat' dir='ltr'><strong>haec</strong></span> <span class='ocrx_word' id='word_1_81' title='bbox 1187 1496 1278 1550; x_wconf 88' lang='lat' dir='ltr'><strong>est</strong></span> <span class='ocrx_word' id='word_1_82' title='bbox 1322 1480 1583 1562; x_wconf 84' lang='lat' dir='ltr'><strong>divisio,</strong></span> <span class='ocrx_word' id='word_1_83' title='bbox 1637 1507 1766 1575; x_wconf 80' lang='lat' dir='ltr'><strong>qua</strong></span> <span class='ocrx_word' id='word_1_84' title='bbox 1809 1486 1906 1570; x_wconf 83' lang='lat' dir='ltr'><strong>jus</strong></span> <span class='ocrx_word' id='word_1_85' title='bbox 1942 1479 2054 1550; x_wconf 85' lang='lat' dir='ltr'><strong>aut</strong></span> <span class='ocrx_word' id='word_1_86' title='bbox 2105 1508 2291 1552; x_wconf 89' lang='lat' dir='ltr'><strong>com-</strong></span> 
     </span>
     <span class='ocr_line' id='line_1_12' title="bbox 203 1597 2293 1695; baseline 0.001 -29"><span class='ocrx_word' id='word_1_87' title='bbox 203 1624 377 1674; x_wconf 82' lang='lat' dir='ltr'><strong>mune</strong></span> <span class='ocrx_word' id='word_1_88' title='bbox 405 1613 710 1694; x_wconf 88' lang='lat' dir='ltr'><strong>vocatur,</strong></span> <span class='ocrx_word' id='word_1_89' title='bbox 732 1613 841 1667; x_wconf 89' lang='lat' dir='ltr'><strong>aut</strong></span> <span class='ocrx_word' id='word_1_90' title='bbox 873 1598 1194 1690; x_wconf 88' lang='lat' dir='ltr'><strong>singulare</strong></span> <span class='ocrx_word' id='word_1_91' title='bbox 1228 1602 1364 1684; x_wconf 84' lang='lat'><strong>(3).</strong></span> <span class='ocrx_word' id='word_1_92' title='bbox 1394 1597 1566 1694; x_wconf 71' lang='lat' dir='ltr'><strong>lllud</strong></span> <span class='ocrx_word' id='word_1_93' title='bbox 1614 1614 1707 1667; x_wconf 88' lang='lat' dir='ltr'><strong>est</strong></span> <span class='ocrx_word' id='word_1_94' title='bbox 1727 1652 1744 1681; x_wconf 87' lang='lat'>‚</span> <span class='ocrx_word' id='word_1_95' title='bbox 1774 1600 1946 1694; x_wconf 88' lang='lat' dir='ltr'><strong>quod</strong></span> <span class='ocrx_word' id='word_1_96' title='bbox 1986 1601 2293 1695; x_wconf 87' lang='lat' dir='ltr'><strong>tanqu&#39;am</strong></span> 
     </span>
     <span class='ocr_line' id='line_1_13' title="bbox 204 1709 2296 1810; baseline 0.003 -30"><span class='ocrx_word' id='word_1_97' title='bbox 204 1716 397 1781; x_wconf 82' lang='lat' dir='ltr'><strong>stricta</strong></span> <span class='ocrx_word' id='word_1_98' title='bbox 451 1716 606 1805; x_wconf 83' lang='lat' dir='ltr'><strong>justi</strong></span> <span class='ocrx_word' id='word_1_99' title='bbox 663 1712 884 1810; x_wconf 80' lang='lat' dir='ltr'><strong>regula</strong></span> <span class='ocrx_word' id='word_1_100' title='bbox 924 1765 941 1795; x_wconf 90' lang='lat'>‚</span> <span class='ocrx_word' id='word_1_101' title='bbox 1020 1716 1254 1781; x_wconf 90' lang='lat' dir='ltr'><strong>rationi</strong></span> <span class='ocrx_word' id='word_1_102' title='bbox 1324 1728 1741 1782; x_wconf 88' lang='lat' dir='ltr'><strong>consentanea</strong></span> <span class='ocrx_word' id='word_1_103' title='bbox 1764 1767 1781 1795; x_wconf 91' lang='lat'><strong>,</strong></span> <span class='ocrx_word' id='word_1_104' title='bbox 1840 1711 1921 1783; x_wconf 57' lang='lat' dir='ltr'><strong>&#39;in</strong></span> <span class='ocrx_word' id='word_1_105' title='bbox 1999 1709 2296 1787; x_wconf 81' lang='lat' dir='ltr'><strong>omnibus</strong></span> 
     </span>
     <span class='ocr_line' id='line_1_14' title="bbox 206 1823 2325 1925; baseline 0.003 -32"><span class='ocrx_word' id='word_1_106' title='bbox 206 1830 388 1895; x_wconf 81' lang='lat' dir='ltr'><strong>causis</strong></span> <span class='ocrx_word' id='word_1_107' title='bbox 416 1828 525 1925; x_wconf 81' lang='lat' dir='ltr'><strong>vel</strong></span> <span class='ocrx_word' id='word_1_108' title='bbox 566 1828 849 1921; x_wconf 77' lang='lat' dir='ltr'><strong>personis</strong></span> <span class='ocrx_word' id='word_1_109' title='bbox 902 1828 1182 1909; x_wconf 84' lang='lat' dir='ltr'><strong>obtinet,</strong></span> <span class='ocrx_word' id='word_1_110' title='bbox 1232 1841 1305 1895; x_wconf 89' lang='lat' dir='ltr'><strong>ut</strong></span> <span class='ocrx_word' id='word_1_111' title='bbox 1341 1829 1661 1918; x_wconf 79' lang='lat' dir='ltr'><strong>observari</strong></span> <span class='ocrx_word' id='word_1_112' title='bbox 1717 1823 1981 1897; x_wconf 86' lang='lat' dir='ltr'><strong>omnino</strong></span> <span class='ocrx_word' id='word_1_113' title='bbox 2021 1830 2251 1918; x_wconf 74' lang='lat' dir='ltr'><strong>debeat</strong></span> <span class='ocrx_word' id='word_1_114' title='bbox 2277 1887 2325 1922; x_wconf 29' lang='grc' dir='ltr'><strong>,ο</strong></span> 
     </span>
     <span class='ocr_line' id='line_1_15' title="bbox 207 1941 2296 2041; baseline 0.004 -35"><span class='ocrx_word' id='word_1_115' title='bbox 207 1943 264 2008; x_wconf 88' lang='lat' dir='ltr'><strong>in</strong></span> <span class='ocrx_word' id='word_1_116' title='bbox 292 1956 607 2035; x_wconf 84' lang='lat' dir='ltr'><strong>quantum</strong></span> <span class='ocrx_word' id='word_1_117' title='bbox 644 1943 934 2040; x_wconf 79' lang='lat' dir='ltr'><strong>exceptio</strong></span> <span class='ocrx_word' id='word_1_118' title='bbox 971 1943 1030 2008; x_wconf 91' lang='lat' dir='ltr'><strong>ei</strong></span> <span class='ocrx_word' id='word_1_119' title='bbox 1054 1941 1223 2010; x_wconf 88' lang='lat' dir='ltr'><strong>facta</strong></span> <span class='ocrx_word' id='word_1_120' title='bbox 1258 1967 1390 2019; x_wconf 83' lang='lat' dir='ltr'><strong>non</strong></span> <span class='ocrx_word' id='word_1_121' title='bbox 1415 1956 1524 2009; x_wconf 89' lang='lat' dir='ltr'><strong>est.</strong></span> <span class='ocrx_word' id='word_1_122' title='bbox 1558 1943 1897 2037; x_wconf 82' lang='lat' dir='ltr'><strong>Singulare</strong></span> <span class='ocrx_word' id='word_1_123' title='bbox 1933 1950 2035 2033; x_wconf 86' lang='lat' dir='ltr'><strong>jus</strong></span> <span class='ocrx_word' id='word_1_124' title='bbox 2068 1947 2296 2041; x_wconf 81' lang='lat' dir='ltr'><strong>appel-</strong></span> 
     </span>
     <span class='ocr_line' id='line_1_16' title="bbox 165 2049 2290 2150; baseline 0.002 -28"><span class='ocrx_word' id='word_1_125' title='bbox 165 2087 169 2092; x_wconf 94' lang='lat'>·</span> <span class='ocrx_word' id='word_1_126' title='bbox 208 2054 353 2122; x_wconf 84' lang='lat' dir='ltr'><strong>latur</strong></span> <span class='ocrx_word' id='word_1_127' title='bbox 389 2055 575 2149; x_wconf 89' lang='lat' dir='ltr'><strong>quod</strong></span> <span class='ocrx_word' id='word_1_128' title='bbox 617 2082 736 2149; x_wconf 90' lang='lat' dir='ltr'><strong>pro</strong></span> <span class='ocrx_word' id='word_1_129' title='bbox 786 2070 959 2124; x_wconf 85' lang='lat' dir='ltr'><strong>certo</strong></span> <span class='ocrx_word' id='word_1_130' title='bbox 1004 2082 1235 2150; x_wconf 88' lang='lat' dir='ltr'><strong>genere</strong></span> <span class='ocrx_word' id='word_1_131' title='bbox 1267 2082 1682 2149; x_wconf 84' lang='lat' dir='ltr'><strong>personarum</strong></span> <span class='ocrx_word' id='word_1_132' title='bbox 1729 2059 1833 2125; x_wconf 86' lang='lat' dir='ltr'><strong>vel</strong></span> <span class='ocrx_word' id='word_1_133' title='bbox 1910 2049 2240 2142; x_wconf 80' lang='lat' dir='ltr'><strong>causarum</strong></span> <span class='ocrx_word' id='word_1_134' title='bbox 2271 2114 2290 2145; x_wconf 90' lang='lat'>‚</span> 
     </span>
     <span class='ocr_line' id='line_1_17' title="bbox 212 2165 2326 2268; baseline 0.003 -31"><span class='ocrx_word' id='word_1_135' title='bbox 212 2172 520 2237; x_wconf 84' lang='lat' dir='ltr'><strong>communi</strong></span> <span class='ocrx_word' id='word_1_136' title='bbox 566 2172 706 2258; x_wconf 69' lang='lat' dir='ltr'><strong>juri·</strong></span> <span class='ocrx_word' id='word_1_137' title='bbox 751 2170 1151 2263; x_wconf 83' lang='lat' dir='ltr'><strong>derogando,</strong></span> <span class='ocrx_word' id='word_1_138' title='bbox 1212 2172 1650 2263; x_wconf 84' lang='lat' dir='ltr'><strong>exceptionem</strong></span> <span class='ocrx_word' id='word_1_139' title='bbox 1708 2174 1968 2255; x_wconf 78' lang='lat' dir='ltr'><strong>statuit3</strong></span> <span class='ocrx_word' id='word_1_140' title='bbox 2029 2165 2326 2268; x_wconf 34' lang='lat' dir='ltr'><strong>ideoque}</strong></span> 
     </span>
     <span class='ocr_line' id='line_1_18' title="bbox 216 2281 2298 2380; baseline 0.003 -31"><span class='ocrx_word' id='word_1_141' title='bbox 216 2298 412 2352; x_wconf 85' lang='lat' dir='ltr'><strong>eontra</strong></span> <span class='ocrx_word' id='word_1_142' title='bbox 468 2285 760 2352; x_wconf 69' lang='lat' dir='ltr'><strong>‘tenorem</strong></span> <span class='ocrx_word' id='word_1_143' title='bbox 795 2287 1059 2353; x_wconf 86' lang='lat' dir='ltr'><strong>rationis</strong></span> <span class='ocrx_word' id='word_1_144' title='bbox 1110 2299 1434 2378; x_wconf 85' lang='lat' dir='ltr'><strong>receptum</strong></span> <span class='ocrx_word' id='word_1_145' title='bbox 1473 2298 1565 2352; x_wconf 83' lang='lat' dir='ltr'><strong>est</strong></span> <span class='ocrx_word' id='word_1_146' title='bbox 1596 2283 1861 2378; x_wconf 88' lang='lat' dir='ltr'><strong>propter</strong></span> <span class='ocrx_word' id='word_1_147' title='bbox 1903 2281 2264 2380; x_wconf 84' lang='lat' dir='ltr'><strong>aequitatem</strong></span> <span class='ocrx_word' id='word_1_148' title='bbox 2280 2341 2298 2371; x_wconf 93' lang='lat'>‚</span> 
     </span>
     <span class='ocr_line' id='line_1_19' title="bbox 216 2393 2303 2499; baseline 0.003 -33"><span class='ocrx_word' id='word_1_149' title='bbox 216 2415 308 2468; x_wconf 85' lang='lat' dir='ltr'><strong>aut</strong></span> <span class='ocrx_word' id='word_1_150' title='bbox 335 2402 662 2496; x_wconf 83' lang='lat' dir='ltr'><strong>publicam</strong></span> <span class='ocrx_word' id='word_1_151' title='bbox 675 2402 1013 2471; x_wconf 79' lang='lat' dir='ltr'><strong>utilitatem</strong></span> <span class='ocrx_word' id='word_1_152' title='bbox 1037 2403 1571 2487; x_wconf 62' lang='lat' dir='ltr'><strong>necessitatemve,</strong></span> <span class='ocrx_word' id='word_1_153' title='bbox 1604 2403 1643 2468; x_wconf 89' lang='lat' dir='ltr'>J</span> <span class='ocrx_word' id='word_1_154' title='bbox 1648 2427 1762 2489; x_wconf 80' lang='lat' dir='ltr'><strong>ura</strong></span> <span class='ocrx_word' id='word_1_155' title='bbox 1789 2393 2135 2496; x_wconf 75' lang='lat' dir='ltr'><strong>singularia</strong></span> <span class='ocrx_word' id='word_1_156' title='bbox 2165 2408 2303 2499; x_wconf 73' lang='lat' dir='ltr'><strong>pri·</strong></span> 
     </span>
    </p>
   </div>
   <div class='ocr_carea' id='block_1_3' title="bbox 216 2514 2169 2615">
    <p class='ocr_par' dir='ltr' id='par_1_4' title="bbox 216 2514 2169 2615">
     <span class='ocr_line' id='line_1_20' title="bbox 216 2514 2169 2615; baseline 0.002 -31"><span class='ocrx_word' id='word_1_157' title='bbox 216 2518 420 2614; x_wconf 81' lang='lat' dir='ltr'><strong>vilegia</strong></span> <span class='ocrx_word' id='word_1_158' title='bbox 456 2544 878 2615; x_wconf 85' lang='lat' dir='ltr'><strong>personarum</strong></span> <span class='ocrx_word' id='word_1_159' title='bbox 927 2518 1029 2591; x_wconf 84' lang='lat' dir='ltr'><strong>vel</strong></span> <span class='ocrx_word' id='word_1_160' title='bbox 1067 2544 1400 2596; x_wconf 87' lang='lat' dir='ltr'><strong>causarum</strong></span> <span class='ocrx_word' id='word_1_161' title='bbox 1428 2514 1840 2586; x_wconf 79' lang='lat' dir='ltr'><strong>constituunt.</strong></span> <span class='ocrx_word' id='word_1_162' title='bbox 1878 2519 2169 2609; x_wconf 59' lang='lat'><strong>(11:25).</strong></span> 
     </span>
    </p>
   </div>
   <div class='ocr_carea' id='block_1_4' title="bbox 219 2934 2311 2966">
    <p class='ocr_par' dir='ltr' id='par_1_5' title="bbox 219 2934 2311 2966">
     <span class='ocr_line' id='line_1_21' title="bbox 219 2934 2311 2966; baseline 0 1812"><span class='ocrx_word' id='word_1_163' title='bbox 219 2934 2311 2966; x_wconf 95' lang='lat' dir='ltr'><strong> </strong></span> 
     </span>
    </p>
   </div>
   <div class='ocr_carea' id='block_1_5' title="bbox 289 3065 1518 3154">
    <p class='ocr_par' dir='ltr' id='par_1_6' title="bbox 289 3065 1518 3154">
     <span class='ocr_line' id='line_1_22' title="bbox 289 3065 1518 3154; baseline 0.002 -26"><span class='ocrx_word' id='word_1_164' title='bbox 289 3068 392 3151; x_wconf 86' lang='lat'><strong>(1)</strong></span> <span class='ocrx_word' id='word_1_165' title='bbox 446 3065 1518 3154; x_wconf 70' lang='lat' dir='ltr'><strong>§4.J.h.t.1.1§2.n.eod.</strong></span> 
     </span>
    </p>
   </div>
   <div class='ocr_carea' id='block_1_6' title="bbox 222 3164 2313 3392">
    <p class='ocr_par' dir='ltr' id='par_1_7' title="bbox 222 3164 2313 3392">
     <span class='ocr_line' id='line_1_23' title="bbox 291 3164 2313 3282; baseline 0.002 -22"><span class='ocrx_word' id='word_1_166' title='bbox 291 3203 388 3282; x_wconf 62' lang='grc' dir='ltr'><strong>(α)</strong></span> <span class='ocrx_word' id='word_1_167' title='bbox 435 3203 506 3267; x_wconf 79' lang='lat'><strong>1..</strong></span> <span class='ocrx_word' id='word_1_168' title='bbox 560 3199 660 3262; x_wconf 85' lang='lat'><strong>38.</strong></span> <span class='ocrx_word' id='word_1_169' title='bbox 712 3201 789 3261; x_wconf 82' lang='lat' dir='ltr'><strong>n.</strong></span> <span class='ocrx_word' id='word_1_170' title='bbox 836 3219 896 3259; x_wconf 56' lang='grc' dir='ltr'><strong>α.</strong></span> <span class='ocrx_word' id='word_1_171' title='bbox 952 3197 1043 3278; x_wconf 77' lang='grc' dir='ltr'><strong>ι4.</strong></span> <span class='ocrx_word' id='word_1_172' title='bbox 1110 3198 1226 3279; x_wconf 79' lang='lat' dir='ltr'><strong>(de</strong></span> <span class='ocrx_word' id='word_1_173' title='bbox 1281 3201 1539 3282; x_wconf 83' lang='lat' dir='ltr'><strong>pactis).</strong></span> <span class='ocrx_word' id='word_1_174' title='bbox 1595 3177 1689 3261; x_wconf 67' lang='lat' dir='ltr'><strong>lfa</strong></span> <span class='ocrx_word' id='word_1_175' title='bbox 1718 3164 2087 3267; x_wconf 70' lang='lat' dir='ltr'><strong>&#39;testamenti</strong></span> <span class='ocrx_word' id='word_1_176' title='bbox 2127 3201 2313 3264; x_wconf 70' lang='lat' dir='ltr'><strong>factio</strong></span> 
     </span>
     <span class='ocr_line' id='line_1_24' title="bbox 222 3305 1987 3392; baseline 0.002 -26"><span class='ocrx_word' id='word_1_177' title='bbox 222 3307 363 3385; x_wconf 84' lang='lat' dir='ltr'><strong>juris</strong></span> <span class='ocrx_word' id='word_1_178' title='bbox 416 3307 660 3392; x_wconf 91' lang='lat' dir='ltr'><strong>publici</strong></span> <span class='ocrx_word' id='word_1_179' title='bbox 703 3305 1066 3384; x_wconf 52' lang='lat' dir='ltr'><strong>dicitur3xl.</strong></span> <span class='ocrx_word' id='word_1_180' title='bbox 1107 3308 1167 3367; x_wconf 89' lang='grc'><strong>3.</strong></span> <span class='ocrx_word' id='word_1_181' title='bbox 1199 3309 1290 3379; x_wconf 77' lang='grc' dir='ltr'><strong>Β.</strong></span> <span class='ocrx_word' id='word_1_182' title='bbox 1320 3306 1420 3370; x_wconf 82' lang='lat'><strong>28.</strong></span> <span class='ocrx_word' id='word_1_183' title='bbox 1475 3329 1528 3368; x_wconf 78' lang='grc' dir='ltr'><strong>ι.</strong></span> <span class='ocrx_word' id='word_1_184' title='bbox 1563 3309 1671 3389; x_wconf 87' lang='lat' dir='ltr'><strong>(de</strong></span> <span class='ocrx_word' id='word_1_185' title='bbox 1698 3309 1987 3392; x_wconf 83' lang='lat' dir='ltr'><strong>testam.)</strong></span> 
     </span>
    </p>
   </div>
   <div class='ocr_carea' id='block_1_7' title="bbox 228 3426 2324 3949">
    <p class='ocr_par' dir='ltr' id='par_1_8' title="bbox 228 3426 2324 3949">
     <span class='ocr_line' id='line_1_25' title="bbox 296 3426 2319 3523; baseline -0.001 -23"><span class='ocrx_word' id='word_1_186' title='bbox 296 3440 408 3520; x_wconf 81' lang='lat'><strong>(3)</strong></span> <span class='ocrx_word' id='word_1_187' title='bbox 452 3439 525 3499; x_wconf 94' lang='lat' dir='ltr'><strong>L.</strong></span> <span class='ocrx_word' id='word_1_188' title='bbox 585 3436 802 3517; x_wconf 71' lang='lat'><strong>14-16.</strong></span> <span class='ocrx_word' id='word_1_189' title='bbox 856 3426 936 3499; x_wconf 84' lang='lat' dir='ltr'><strong>D.</strong></span> <span class='ocrx_word' id='word_1_190' title='bbox 988 3460 1041 3499; x_wconf 88' lang='lat'><strong>1.</strong></span> <span class='ocrx_word' id='word_1_191' title='bbox 1090 3439 1134 3498; x_wconf 87' lang='lat'><strong>3·</strong></span> <span class='ocrx_word' id='word_1_192' title='bbox 1188 3437 1310 3519; x_wconf 86' lang='lat' dir='ltr'><strong>(de</strong></span> <span class='ocrx_word' id='word_1_193' title='bbox 1348 3437 1584 3520; x_wconf 71' lang='lat' dir='ltr'><strong>legibs)</strong></span> <span class='ocrx_word' id='word_1_194' title='bbox 1636 3437 1681 3499; x_wconf 91' lang='lat' dir='ltr'><strong>l.</strong></span> <span class='ocrx_word' id='word_1_195' title='bbox 1751 3439 1887 3523; x_wconf 80' lang='lat'><strong>196.</strong></span> <span class='ocrx_word' id='word_1_196' title='bbox 1936 3439 2018 3499; x_wconf 90' lang='lat' dir='ltr'><strong>D.</strong></span> <span class='ocrx_word' id='word_1_197' title='bbox 2055 3437 2150 3500; x_wconf 77' lang='lat'><strong>50.</strong></span> <span class='ocrx_word' id='word_1_198' title='bbox 2201 3458 2319 3520; x_wconf 53' lang='grc' dir='ltr'><strong>ιςγ,1</strong></span> 
     </span>
     <span class='ocr_line' id='line_1_26' title="bbox 228 3543 2319 3628; baseline 0 -24"><span class='ocrx_word' id='word_1_199' title='bbox 228 3543 325 3623; x_wconf 80' lang='lat' dir='ltr'><strong>(de</strong></span> <span class='ocrx_word' id='word_1_200' title='bbox 365 3566 494 3628; x_wconf 84' lang='lat' dir='ltr'><strong>reg.</strong></span> <span class='ocrx_word' id='word_1_201' title='bbox 543 3546 701 3626; x_wconf 81' lang='lat' dir='ltr'><strong>jur).</strong></span> <span class='ocrx_word' id='word_1_202' title='bbox 772 3543 1067 3628; x_wconf 84' lang='lat' dir='ltr'><strong>Exempla</strong></span> <span class='ocrx_word' id='word_1_203' title='bbox 1110 3546 1233 3626; x_wconf 80' lang='lat' dir='ltr'><strong>jur.</strong></span> <span class='ocrx_word' id='word_1_204' title='bbox 1277 3546 1438 3627; x_wconf 86' lang='lat' dir='ltr'><strong>sing.</strong></span> <span class='ocrx_word' id='word_1_205' title='bbox 1487 3545 1551 3603; x_wconf 89' lang='lat' dir='ltr'><strong>in</strong></span> <span class='ocrx_word' id='word_1_206' title='bbox 1599 3544 1642 3604; x_wconf 92' lang='lat' dir='ltr'><strong>l.</strong></span> <span class='ocrx_word' id='word_1_207' title='bbox 1674 3543 1778 3623; x_wconf 76' lang='grc' dir='ltr'><strong>4ο.</strong></span> <span class='ocrx_word' id='word_1_208' title='bbox 1827 3547 1909 3606; x_wconf 91' lang='lat' dir='ltr'><strong>D.</strong></span> <span class='ocrx_word' id='word_1_209' title='bbox 1953 3545 2052 3606; x_wconf 81' lang='lat'><strong>26.</strong></span> <span class='ocrx_word' id='word_1_210' title='bbox 2097 3567 2156 3627; x_wconf 86' lang='lat'><strong>7.</strong></span> <span class='ocrx_word' id='word_1_211' title='bbox 2205 3543 2319 3622; x_wconf 87' lang='lat' dir='ltr'><strong>(de</strong></span> 
     </span>
     <span class='ocr_line' id='line_1_27' title="bbox 228 3649 2318 3735; baseline -0 -25"><span class='ocrx_word' id='word_1_212' title='bbox 228 3651 447 3714; x_wconf 85' lang='lat' dir='ltr'><strong>admin.</strong></span> <span class='ocrx_word' id='word_1_213' title='bbox 495 3653 657 3730; x_wconf 87' lang='lat' dir='ltr'><strong>tut.)</strong></span> <span class='ocrx_word' id='word_1_214' title='bbox 710 3650 841 3712; x_wconf 88' lang='lat' dir='ltr'><strong>Alii</strong></span> <span class='ocrx_word' id='word_1_215' title='bbox 889 3672 1135 3735; x_wconf 79' lang='lat' dir='ltr'><strong>quoque</strong></span> <span class='ocrx_word' id='word_1_216' title='bbox 1185 3654 1283 3732; x_wconf 84' lang='lat' dir='ltr'><strong>jus</strong></span> <span class='ocrx_word' id='word_1_217' title='bbox 1332 3650 1615 3733; x_wconf 84' lang='lat' dir='ltr'><strong>generale</strong></span> <span class='ocrx_word' id='word_1_218' title='bbox 1667 3663 1731 3713; x_wconf 86' lang='lat' dir='ltr'><strong>et</strong></span> <span class='ocrx_word' id='word_1_219' title='bbox 1773 3649 2039 3734; x_wconf 86' lang='lat' dir='ltr'><strong>speciale</strong></span> <span class='ocrx_word' id='word_1_220' title='bbox 2082 3650 2318 3710; x_wconf 84' lang='lat' dir='ltr'><strong>distin-</strong></span> 
     </span>
     <span class='ocr_line' id='line_1_28' title="bbox 234 3752 2318 3842; baseline -0.001 -25"><span class='ocrx_word' id='word_1_221' title='bbox 234 3770 459 3839; x_wconf 75' lang='lat' dir='ltr'><strong>guum,</strong></span> <span class='ocrx_word' id='word_1_222' title='bbox 503 3758 734 3840; x_wconf 87' lang='lat' dir='ltr'><strong>quibus</strong></span> <span class='ocrx_word' id='word_1_223' title='bbox 780 3757 1138 3842; x_wconf 84' lang='lat' dir='ltr'><strong>nominibus</strong></span> <span class='ocrx_word' id='word_1_224' title='bbox 1166 3754 1272 3818; x_wconf 84' lang='lat' dir='ltr'><strong>alii</strong></span> <span class='ocrx_word' id='word_1_225' title='bbox 1300 3766 1573 3817; x_wconf 81' lang='lat' dir='ltr'><strong>nostram</strong></span> <span class='ocrx_word' id='word_1_226' title='bbox 1599 3756 1971 3819; x_wconf 83' lang='lat' dir='ltr'><strong>divisionem</strong></span> <span class='ocrx_word' id='word_1_227' title='bbox 2013 3752 2318 3815; x_wconf 87' lang='lat' dir='ltr'><strong>indicant.</strong></span> 
     </span>
     <span class='ocr_line' id='line_1_29' title="bbox 230 3859 2324 3949; baseline 0 -28"><span class='ocrx_word' id='word_1_228' title='bbox 230 3861 329 3924; x_wconf 81' lang='lat' dir='ltr'><strong>Jus</strong></span> <span class='ocrx_word' id='word_1_229' title='bbox 370 3865 682 3948; x_wconf 79' lang='lat' dir='ltr'><strong>singulare</strong></span> <span class='ocrx_word' id='word_1_230' title='bbox 721 3865 902 3926; x_wconf 83' lang='lat' dir='ltr'><strong>multi</strong></span> <span class='ocrx_word' id='word_1_231' title='bbox 927 3863 1317 3949; x_wconf 79' lang='lat' dir='ltr'><strong>particulare</strong></span> <span class='ocrx_word' id='word_1_232' title='bbox 1366 3861 1685 3945; x_wconf 79' lang='lat' dir='ltr'><strong>appellant</strong></span> <span class='ocrx_word' id='word_1_233' title='bbox 1711 3910 1727 3937; x_wconf 92' lang='lat'>‚</span> <span class='ocrx_word' id='word_1_234' title='bbox 1761 3883 1886 3944; x_wconf 88' lang='lat' dir='ltr'><strong>quo</strong></span> <span class='ocrx_word' id='word_1_235' title='bbox 1924 3861 2116 3924; x_wconf 85' lang='lat' dir='ltr'><strong>verbo</strong></span> <span class='ocrx_word' id='word_1_236' title='bbox 2161 3859 2324 3944; x_wconf 82' lang='lat' dir='ltr'><strong>leges</strong></span> 
     </span>
    </p>
   </div>
   <div class='ocr_carea' id='block_1_8' title="bbox 234 3964 2329 4159">
    <p class='ocr_par' dir='ltr' id='par_1_9' title="bbox 234 3964 2329 4159">
     <span class='ocr_line' id='line_1_30' title="bbox 234 3964 2329 4057; baseline -0.001 -27"><span class='ocrx_word' id='word_1_237' title='bbox 234 3969 463 4033; x_wconf 85' lang='lat' dir='ltr'><strong>odiosas</strong></span> <span class='ocrx_word' id='word_1_238' title='bbox 519 3972 677 4052; x_wconf 79' lang='lat' dir='ltr'><strong>(lois</strong></span> <span class='ocrx_word' id='word_1_239' title='bbox 733 3970 1259 4057; x_wconf 76' lang='lat' dir='ltr'><strong>exceptionelles)</strong></span> <span class='ocrx_word' id='word_1_240' title='bbox 1305 3969 1654 4054; x_wconf 81' lang='lat' dir='ltr'><strong>designant.</strong></span> <span class='ocrx_word' id='word_1_241' title='bbox 1691 3969 1771 4032; x_wconf 92' lang='lat' dir='ltr'><strong>V.</strong></span> <span class='ocrx_word' id='word_1_242' title='bbox 1816 3969 2119 4049; x_wconf 71' lang='lat' dir='ltr'><strong>Thibaut,</strong></span> <span class='ocrx_word' id='word_1_243' title='bbox 2172 3964 2329 4033; x_wconf 78' lang='lat' dir='ltr'><strong>Ver-</strong></span> 
     </span>
     <span class='ocr_line' id='line_1_31' title="bbox 236 4072 983 4159; baseline 0.004 -23"><span class='ocrx_word' id='word_1_244' title='bbox 236 4080 434 4159; x_wconf 72' lang='lat' dir='ltr'><strong>suche,</strong></span> <span class='ocrx_word' id='word_1_245' title='bbox 481 4080 561 4143; x_wconf 89' lang='grc' dir='ltr'><strong>Τ.</strong></span> <span class='ocrx_word' id='word_1_246' title='bbox 608 4081 696 4143; x_wconf 92' lang='lat'><strong>11.</strong></span> <span class='ocrx_word' id='word_1_247' title='bbox 740 4096 833 4143; x_wconf 70' lang='lat' dir='ltr'><strong>no.</strong></span> <span class='ocrx_word' id='word_1_248' title='bbox 889 4072 983 4142; x_wconf 60' lang='grc' dir='ltr'><strong>ιδ’.</strong></span> 
     </span>
    </p>
   </div>
  </div>
 </body>
</html>
