2893 4778
941 331 945 337 .
978 294 1510 351 INTRQDUCTIO·
1749 258 1750 261 Ὺ
2211 270 2304 374 75

185 423 430 515 sci-ipsit
472 418 555 488 de
609 431 975 517 temporum
1018 420 1527 514 computatione,
1582 438 1778 509 quem
1832 412 2135 502 Cujacius
2181 439 2309 509 pu—

185 537 445 607 blicavit
502 541 640 621 (1),
698 548 765 601 et
813 536 1165 627 praesertim
1231 531 1689 603 Constantinus
1746 529 2262 623 Harmenopulus
2280 583 2312 623 ,γ

192 647 749 741 Constantinopoli
799 661 1086 719 mortuus
1145 648 1305 715 1382
1336 692 1363 726 ,
1428 644 1873 715 celeberrimus
1918 668 2108 738 opere
2157 636 2312 712 cum'
2393 682 2396 687 ⁴

193 765 379 834 titulo
459 791 732 851 πραχσᾳοο
774 770 873 827 τὸυ
908 766 1066 837 νομὸν
1108 811 1130 841 ,
1210 785 1317 825 sex
1398 756 1576 824 libris
1652 771 1978 827 constante
2019 809 2037 837 ‚
2128 758 2309 849 quod.

188 887 375 957 latine
427 907 684 951 versum
725 891 790 949 et
858 904 895 945 a
953 879 1174 950 multis
1249 881 1445 945 etiam
1477 876 1931 971 recentissime
1993 874 2311 943 laudatur.

192 995 551 1066 Publicavit
599 1018 751 1060 eum
812 995 1094 1086 primum
1146 993 1488 1066 Adamaeus
1557 994 1806 1060 Parisiis
1873 991 2039 1076 1540
2060 1044 2077 1073 ‚
2133 995 2309 1085 opti-

197 1133 489 1201 mamque
548 1107 726 1175 dedit
788 1106 1137 1177 editionem
1201 1110 1259 1174 J.
1297 1109 1378 1178 O.
1426 1110 1707 1180 Reitzius
1748 1110 1819 1179 iu
1853 1105 2311 1200 supplemento

199 1225 509 1291 Thesauri
557 1222 999 1303 Meermanui,
1053 1224 1218 1314 1780
1267 1228 1382 1310 (2).

279 1336 484 1428 Quod
526 1335 609 1401 ad
652 1335 780 1406 fata
824 1338 979 1425 juris
1023 1340 1273 1406 romani
1314 1339 1384 1406 in
1434 1339 1704 1429 imperio
1748 1338 2113 1406 Turcarum
2155 1337 2333 1404 atti--

205 1465 303 1520 net
325 1504 344 1533 ‚
413 1452 776 1519 communis
811 1451 1137 1545 hucusque
1203 1465 1339 1518 erat
1393 1450 1799 1518 eruditorum
1840 1453 2060 1545 opinio
2078 1496 2109 1532 ,
2153 1450 2317 1517 illud

207 1566 380 1661 plane
426 1591 512 1633 ex
550 1591 670 1632 usu
712 1567 1023 1633 recessisse
1043 1617 1064 1647 ‚
1117 1592 1225 1639 seu
1272 1568 1579 1635 interiisse
1622 1567 1757 1650 (3);
1805 1593 2004 1660 quam
2055 1568 2318 1660 opinio-

211 1707 342 1748 nem
377 1681 606 1750 falsam
641 1705 768 1746 esse
801 1684 1028 1748 nostris
1059 1680 1322 1749 demum
1352 1681 1574 1748 diebus
1612 1682 1952 1773 probatum
1977 1695 2070 1749 est
2100 1709 2118 1745 ε
2152 1678 2323 1746 didi-

211 1801 402 1867 cimus
439 1799 614 1867 enim
648 1795 758 1883 (4)
799 1797 956 1884 juris
985 1800 1485 1889 graeco-romani
1516 1798 1832 1891 hodieque
1861 1798 2032 1889 apud
2069 1797 2324 1864 Graecos

212 1936 323 1981 esse
364 1918 812 1980 auctoritatem
864 1923 1071 2008 atque
1105 1935 1343 1999 usum3
1399 1925 1467 1978 et
1521 1910 1982 2006 Harmenopuli
2033 1909 2275 1979 librum
2295 1963 2316 1993 ,

218 2050 537 2118 neograeca
580 2024 804 2117 lingua
840 2049 1092 2092 versum
1111 2077 1129 2106 ,
1178 2052 1252 2095 ac
1295 2029 1519 2120 saepius
1560 2027 1850 2096 venetiis
1885 2025 2281 2119 publicatum
2301 2077 2323 2107 ,

222 2139 467 2208 Codicis
528 2138 750 2233 legum
810 2141 948 2209 vioe
1012 2140 1104 2206 ibi
1171 2144 1403 2208 servari
1444 2168 1466 2225 3
1532 2142 1604 2207 in
1662 2143 2059 2236 gravioribus
2126 2141 2327 2208 causis

222 2255 475 2325 Basilica
529 2251 774 2325 consuli
833 2252 1049 2324 solere.
1117 2256 1350 2327 Turcae
1402 2280 1559 2327 vero
1627 2259 1895 2351 proprio
1946 2258 2089 2345 jure
2126 2266 2327 2325 utun·-

224 2380 318 2439 tm·
370 2369 509 2454 (5).
882 2358 886 2362 *

302 2482 365 2546 N
368 2506 454 2548 on
493 2504 824 2573 possumus
865 2480 989 2547 hoc
1023 2478 1165 2547 loco
1198 2482 1467 2549 transire
1510 2503 1784 2574 graecam
1831 2477 2046 2571 legum
2102 2485 2328 2547 nautzt-

231 2617 441 2662 carum
482 2594 947 2674 Rhodiensium
989 2593 1428 2663 collectionem
1449 2645 1468 2676 ‚
1515 2619 1659 2689 quae
1688 2593 1982 2688 pluribus
2019 2596 2087 2660 in
2140 2594 2328 2662 codi-

228 2709 392 2774 cibus
443 2711 888 2801 manuscriptis
924 2721 990 2774 et
1043 2710 1384 2801 separatim
1415 2761 1433 2789 ‚
1499 2735 1618 2776 nec
1662 2734 1795 2776 non
1854 2734 1975 2801 pro
2023 2720 2200 2802 parte
2255 2711 2329 2779 in

233 2821 505 2890 Basilicis
530 2821 683 2911 (lib.
713 2823 796 2890 53
818 2873 837 2905 ,
864 2824 968 2890 tit.
998 2824 1077 2910 8)
1114 2825 1282 2915 typis
1308 2848 1535 2891 excusa
1562 2825 1797 2892 existit.
1845 2824 2012 2918 Haec—
2034 2823 2326 2893 collectio

304 3122 389 3202 (1)
429 3119 622 3183 Bach.
667 3119 715 3184 1.
761 3141 817 3183 c.
868 3121 922 3206 ᾗ.
982 3141 1076 3184 ιο.

307 3230 393 3309 (2)
434 3227 627 3289 Bach.
677 3227 707 3311 ᾗ
758 3227 873 3307 153
920 3227 1159 3290 ΊῚιέηιιέ
1183 3275 1202 3307 ,
1241 3227 1289 3291 1.
1331 3250 1391 3291 c.
1427 3252 1494 3313 p.
1531 3228 1831 3314 205-207.

309 3338 396 3418 (3)
438 3335 591 3397 vid.
626 3334 943 3397 Heineccii
975 3337 1194 3421 Antiq.
1228 3337 1497 3399 Prooem.
1533 3337 1562 3421 ς
1589 3336 1709 3416 403
1746 3334 1936 3399 Bach.
1966 3335 2014 3397 1.
2048 3356 2104 3398 e.
2141 3334 2172 3419 ᾗ
2206 3355 2303 3419 17.

309 3440 397 3524 (4)
439 3442 535 3503 Ex
564 3441 895 3520 Themide,
938 3443 1015 3504 T.
1055 3442 1121 3522 1,
1167 3466 1232 3527 p.
1280 3443 1396 3505 205
1430 3456 1494 3504 et
1545 3465 1674 3528 seq.

309 3541 582 3611 Enati-at
610 3570 681 3609 ea
706 3549 1524 3646 eruditissimuspleonares
1544 3552 1791 3634 juvenis
1820 3570 2051 3635 graecus
2077 3543 2335 3611 Parisiis

244 3657 386 3737 juris
404 3656 614 3719 studio
635 3677 886 3739 operam
907 3678 1163 3720 navans,
1194 3658 1500 3722 Restituta
1520 3659 1875 3722 Graecorum
1894 3657 2148 3719 libertas
2171 3654 2336 3738 leges

244 3784 477 3850 quoque
507 3765 787 3847 jurisque
823 3764 1098 3826 studium
1125 3766 1427 3827 restituet.
1501 3766 1597 3827 De
1627 3767 1772 3826 fatis
1820 3766 1949 3848 ejus
1985 3742 2340 3825 novissimis

242 3871 376 3931 vide
400 3870 460 3932 Ie
502 3870 1025 3934 Constiaaionnel
1051 3870 1179 3933 diei
1208 3892 1286 3932 20
1316 3872 1475 3953 junii
1517 3869 1669 3936 1823
1688 3918 1704 3946 ‚
1736 3892 1799 3953 p.
1842 3889 1866 3929 ι
1892 3917 1908 3945 ,
1951 3878 2071 3930 art.
2119 3869 2341 3931 Grece.

314 3976 401 4060 (5)
439 3978 537 4041 De
585 3978 934 4042 Tui-carum
974 3976 1362 4064 legislatione
1401 3976 1784 4059 amplissime
1838 3977 2131 4039 tractavit
2165 3957 2340 4038 ¹idem

246 4080 565 4150 Cleonares
611 4085 682 4150 in
716 4084 1041 4168 voemide,
1074 4076 1226 4151 tom.
1259 4083 1389 4164 111,
1426 4107 1493 4170 p.
1527 4084 1808 4186 293-32‘3
1838 4095 1902 4150 et
1946 4106 2010 4180 p.
2037 4069 2338 4176 389—398.
