2893 4778
351 386 356 391 A
485 293 622 367 552
816 316 1319 368 commum-ann
1368 317 1568 366 smus
1618 315 1901 367 nomm
1953 314 2276 365 rmum.

586 438 732 529 196.
782 438 902 506 Rei
945 437 1238 526 judicatae
1288 442 1382 503 vis
1423 419 1563 504 haec
1612 450 1705 504 est
1737 490 1753 519 ,
1806 451 1876 506 ut
1914 442 2011 527 jus
2063 440 2406 504 constituat
2435 438 2606 503 inter

480 565 690 646 partes
708 604 726 633 ‚
760 565 827 618 et
850 553 917 619 id
938 604 956 634 ,
986 552 1162 643 quod
1181 552 1531 637 judicatum
1550 566 1676 633 est,
1695 578 1814 644 pro
1841 555 2105 620 veritate
2124 552 2438 618 habeatur
2467 560 2487 637 (
2504 552 2557 635 i)
2579 604 2597 633 ,

487 691 609 734 nec
634 665 851 739 denuo
883 670 954 731 in
993 665 1307 753 judicium
1347 668 1634 735 revocari
1663 668 1857 757 possit
1902 668 2014 750 (2)
2039 710 2065 745 ,
2104 673 2235 731 sive
2275 664 2440 730 bene
2471 666 2602 731 sive

479 781 645 851 male
677 807 773 847 res
813 779 1018 847 decisa
1051 782 1174 861 sit3
1221 778 1393 845 unde
1435 782 1527 845 rei
1577 779 1867 866 judicatae
1910 780 2211 848 standum
2232 872 2237 877 ι
2256 805 2382 847 esse
2431 778 2603 847 dici-

481 910 592 965 tur
630 895 771 981 (3).
812 895 950 962 Nec
989 896 1105 987 ipsi
1141 894 1335 979 judici
1364 896 1740 984 permissum
1779 908 1906 974 est,
1947 888 2303 987 quidquam
2341 898 2411 961 in
2450 919 2601 961 sen-

481 1011 678 1077 tentia
717 1023 962 1075 mutare
998 1060 1015 1089 ,
1054 1010 1185 1077 sive
1216 1009 1376 1072 bene
1418 1009 1550 1075 sive
1593 1007 1759 1073 male
1794 1009 2004 1076 officio
2036 1008 2292 1076 functus
2321 1011 2401 1075 sit
2432 1010 2549 1095 (4)
2579 1060 2595 1090 ,

479 1125 601 1190 nisi
632 1122 810 1215 quod
839 1121 1064 1189 eodem
1085 1122 1189 1188 die
1213 1174 1230 1201 ‚
1263 1124 1315 1187 si
1349 1121 1507 1212 quid
1535 1123 1844 1202 omiserit,
1884 1122 1949 1188 id
1979 1122 2211 1189 addere
2233 1125 2432 1214 possit
2461 1125 2602 1208 (5).
2686 1138 2691 1143 “

570 1238 726 1304 Haec
784 1250 1000 1303 autem
1049 1238 1144 1302 rei
1202 1235 1501 1325 judicatae
1550 1240 1889 1306 auctoritas
1935 1264 2067 1306 non
2110 1238 2477 1306 extenditur
2518 1237 2599 1303 ad

477 1364 808 1419 extraneas
835 1374 1130 1443 personas
1165 1402 1183 1429 ‚
1216 1352 1386 1416 inter
1435 1376 1593 1442 quas
1644 1350 1972 1444 litigatum
2018 1378 2151 1421 non
2202 1367 2332 1433 est,
2377 1365 2443 1418 et
2472 1352 2599 1419 hoc

481 1478 578 1533 est
614 1463 797 1557 quod
838 1465 1115 1545 dicitur,
1147 1489 1288 1531 rem
1321 1465 1670 1551 judicatam
1713 1492 1854 1533 non‘
1886 1470 2008 1534 nisi
2053 1469 2222 1534 inter
2248 1480 2455 1559 partes
2486 1493 2601 1534 va·—

478 1585 608 1651 lere
659 1586 790 1669 (6).
869 1585 1080 1649 Habet
1126 1608 1200 1650 ea
1241 1586 1418 1650 enim
1465 1587 1905 1653 conventionis
1957 1587 2089 1653 vim
2138 1598 2204 1652 et
2250 1598 2594 1665 naturam,

479 1697 561 1764 de
603 1724 730 1790 qua
766 1711 1021 1791 recepta
1067 1710 1160 1764 est
1190 1697 1298 1763 illa
1340 1697 1568 1792 regula
1616 1725 1634 1764 ε
1687 1729 1715 1759 2·
1769 1700 1935 1766 Rem
1968 1702 2136 1767 inter
2181 1698 2340 1766 alios
2389 1712 2597 1765 actam

485 1842 518 1873 a»
571 1811 751 1879 alteri
797 1837 1008 1904 neque
1049 1812 1341 1905 prodesse
1377 1838 1588 1905 neque
1627 1838 1857 1881 nocere
1904 1813 2133 1880 debere
2167 1846 2194 1874 n
2253 1817 2275 1899 (
2291 1820 2389 1904 7).
2430 1796 2598 1880 Sunt

479 1938 696 1992 tamen
764 1951 965 1993 causae
1029 1925 1390 2007 nonnullae,
1456 1931 1526 1992 in
1585 1929 1815 2019 quibus
1866 1952 1964 1994 res
2023 1928 2299 2017 judicata
2354 1940 2599 2021 spectat

482 2039 637 2107 alios
659 2091 676 2120 ‚
733 2052 928 2132 quam
966 2042 1131 2132 ipsos
1170 2039 1493 2133 litigantes
1532 2045 1667 2125 (8).

570 2178 633 2219 a.
678 2152 748 2220 Si
776 2179 904 2220 una
924 2142 1315 2245 litigantium
1344 2178 1490 2246 pars
1517 2154 1804 2221 extranei
1829 2156 2090 2221 nomine
2119 2153 2431 2244 judicium
2459 2178 2597 2221 sus-

383 2258 386 2263 *
482 2270 683 2361 cepit,
712 2291 862 2334 eum
884 2319 901 2349 ,
943 2272 1122 2356 cujus
1139 2269 1402 2336 nomine
1430 2281 1646 2337 actum
1662 2283 1757 2337 est
1775 2322 1791 2354 5
1818 2271 2129 2338 sententia
2154 2270 2407 2365 respicit
2458 2274 2594 2359 (9).

476 2505 528 2572 1.
598 2528 621 2569 1
661 2554 678 2584 ,
716 2506 747 2590 §
791 2505 871 2585 5,
919 2493 982 2569 et
1023 2506 1053 2590 §
1090 2507 1204 2569 ult.
1245 2506 1296 2578 1.
1345 2507 1504 2591 2‚§
1574 2530 1644 2585 1,
1700 2510 1781 2571 D.
1840 2509 1964 2592 49,
2005 2508 2093 2588 4,
2158 2510 2443 2592 (quando
2475 2533 2596 2594 ap-

481 2612 762 2697 pelland.
828 2616 1032 2696 sit.);
1097 2636 1169 2675 ex
1227 2614 1489 2676 Novella
1531 2616 1609 2676 23
1651 2662 1670 2691 ,
1728 2637 1779 2676 e.
1833 2637 1855 2676 1
1891 2657 1915 2691 ,
1965 2627 2057 2678 est
2106 2617 2471 2678 decendium
2519 2638 2592 2682 ex
2684 2656 2688 2660 ·

479 2731 759 2803 tempore
809 2723 1226 2803 pronuntiatae
1292 2724 1630 2784 sententiat.
1693 2722 2108 2805 Westenberg
2136 2769 2153 2798 ,
2213 2722 2534 2806 Principia
2571 2770 2591 2801 ‚

480 2825 595 2888 lib.
646 2824 763 2910 49,
808 2831 905 2889 tit.
950 2824 1033 2906 4,
1084 2828 1115 2912 ς
1161 2850 1197 2888 2
1229 2877 1247 2905 ,
1294 2828 1404 2896 ubi
1454 2830 1598 2891 vide
1620 2828 1893 2912 reliqua.

565 2936 695 3014 (ι)
740 2933 807 2994 L.
849 2934 970 3007 25,
1018 2936 1085 2996 in
1115 2935 1208 3012 f.,
1259 2937 1339 2995 D.
1395 2958 1417 2996 1
1456 2942 1476 3014 ‘,
1521 2935 1601 3015 5,
1646 2936 1762 3016 (de
1802 2935 2335 3016 statuhom.);l.
2387 2956 2468 3014 2,
2510 2934 2593 3013 5,

480 3038 1169 3122 C.7‚52,(h.t.).
2066 3033 2071 3038 ⁴

564 3146 675 3226 (2)
717 3147 791 3206 L.
839 3168 861 3206 1
891 3194 908 3221 ‚
948 3144 1019 3205 C.
1061 3168 1134 3228 7,
1175 3144 1299 3225 64,
1344 3147 1649 3231 (quando
1687 3169 1942 3232 provoc.
1986 3171 2099 3211 nec
2141 3170 2270 3213 non
2304 3153 2465 3227 est).

567 3252 1212 3334 (3)L.1‚C.h.t.
2258 3251 2264 3258 ’

564 3359 671 3442 (4)
715 3358 785 3421 L.
826 3359 940 3439 14,
985 3358 1033 3420 l.
1076 3360 1194 3439 55,
1241 3360 1286 3424 l.
1332 3362 1453 3440 62,
1497 3363 1578 3424 D.
1626 3361 1694 3425 h.
1741 3374 1792 3425 t.

565 3465 671 3545 (5)
723 3469 791 3527 L.
828 3465 950 3544 42,
998 3469 1076 3527 D.
1124 3467 1193 3529 h.
1238 3479 1292 3529 t:

567 3573 672 3654 (6)
715 3573 781 3633 L.
816 3573 939 3650 63,
985 3576 1065 3635 D.
1106 3574 1172 3636 h.
1219 3586 1268 3635 t.
1305 3599 1321 3652 3
1363 3575 1408 3636 l.
1458 3596 1538 3653 2,
1580 3576 1652 3637 C.
1689 3599 1723 3662 7
1754 3624 1772 3654 ,
1818 3577 1945 3653 56,
2012 3579 2233 3661 (quib.
2279 3598 2378 3638 res
2401 3576 2590 3661 judic.

483 3702 609 3743 non
651 3681 915 3759 nocet);
964 3677 1006 3740 l.
1056 3702 1169 3758 10,
1212 3684 1291 3742 D.
1331 3681 1448 3762 44,
1494 3705 1515 3743 1
1544 3732 1561 3759 ,
1615 3684 1736 3764 (de
1771 3686 2178 3768 exceptionib.
2206 3688 2261 3761 ).

567 3789 671 3870 (7)
713 3788 781 3847 L.
822 3785 899 3866 4,
935 3787 1007 3850 C.
1049 3789 1187 3850 eod.
1220 3788 1373 3850 cod.
1416 3812 1452 3873 7
1480 3838 1497 3867 ‚
1540 3789 1660 3869 60,
1705 3793 1912 3871 (inter
1931 3792 2084 3855 alios
2121 3805 2258 3855 acta
2285 3792 2387 3857 vel
2420 3793 2598 3875 judi-

483 3903 616 3951 cata
649 3889 792 3950 aliis
825 3912 952 3952 non
986 3896 1276 3968 nocere).

568 3997 680 4080 (8)
725 3999 864 4062 Von
914 4000 1317 4085 Wening‚‚§
1358 4000 1478 4082 61,
1523 4005 1590 4066 in
1621 4006 1669 4067 s.

566 4104 682 4187 (9)
725 4104 796 4167 L.
853 4126 917 4169 n
948 4152 969 4187 ,
1012 4106 1043 4190 §
1088 4129 1161 4192 7,
1205 4109 1284 4176 D.
1336 4107 1461 4191 44,
1511 4131 1595 4191 2,
1648 4111 1775 4195 (de
1817 4124 2057 4197 except:
2115 4112 2206 4175 rei
2254 4111 2599 4196 judicum).
