2893 4778
519 366 655 442 118
750 351 792 466 ’ξ
828 387 1338 447 commum-Anu
1388 390 1588 440 sums
1641 388 1923 440 nomam
1974 379 2294 438 PRIVA‘rt.

511 517 925 583 inveniantur
989 513 1334 580 decisiones
1358 563 1375 593 ,
1436 537 1628 603 quas,
1679 510 1930 604 legibus
1977 514 2268 603 quamvis
2320 513 2582 577 mutatis
2610 563 2642 592 0

511 632 580 696 in
625 628 934 696 similibus
966 630 1164 693 causis
1196 629 1376 718 sequi
1414 650 1780 718 possumuS‚
1813 625 2167 717 analogica
2194 628 2348 713 juris
2378 621 2667 691 romani*

479 771 480 776 ¹
511 739 856 836 applicatio
884 765 1045 835 saepe
1074 741 1400 807 utilissime
1425 740 1565 805 fieri
1593 739 1797 831 potest
1825 793 1841 818 ‚
1890 738 2160 830 ideoque
2191 765 2272 805 ex
2310 764 2386 805 eo
2426 752 2491 806 et
2520 744 2637 828 ju-

511 863 681 932 dices
718 875 784 929 et·
822 886 1154 930 causarum
1200 862 1457 952 patroni
1518 861 1978 926 sententiarum
2030 884 2287 925 suarum
2350 884 2421 924 ac
2477 860 2635 949 opi-

510 980 783 1045 nionum
838 977 1203 1068 gravissima
1260 987 1642 1069 argumenta
1720 1000 1794 1041 ac
1857 973 2372 1041 confirmationes
2426 971 2638 1039 dedu-

512 1117 654 1162 cere
693 1103 973 1183 possunt.
1193 1083 1200 1091 ’

604 1206 794 1273 Hisce
832 1205 1186 1271 rationibus
1221 1205 1418 1285 moti,
1460 1225 1678 1270 omnes
1706 1201 2135 1288 jurisconsulti
2177 1201 2409 1269 eruditi
2449 1210 2519 1266 in
2552 1225 2637 1269 eo

516 1322 929 1388 consentiunt
953 1369 970 1398 ‚
1001 1343 1136 1384 non
1171 1318 1380 1384 solum
1420 1318 1826 1384 utilissimam
1874 1317 1985 1384 sed
2023 1321 2435 1384 neeessariam
2466 1315 2640 1382 adeo

515 1459 644 1503 esse
704 1435 861 1521 juris
895 1434 1141 1499 romani
1189 1434 1626 1525 cognitionem
1656 1484 1673 1512 ‚
1729 1446 1794 1498 et
1866 1430 2026 1504 illud
2093 1430 2285 1500 hodie
2336 1433 2408 1495 in
2478 1431 2643 1517 juris

518 1533 752 1627 scholis*
788 1571 923 1613 non
960 1548 1194 1614 minori
1248 1545 1583 1637 diligentia
1631 1571 1705 1613 ac
1741 1548 2011 1613 antehac
2051 1546 2123 1612 id
2167 1546 2306 1611 fieri
2358 1543 2602 1611 solebat
2621 1596 2640 1624 ‚

520 1687 649 1756 esse
698 1661 1057 1771 docendum
1096 1687 1114 1723 ε
1144 1685 1295 1725 nam
1320 1661 1647 1727 neminem
1668 1658 1752 1726 ad
1776 1656 2150 1726 solidiorem
2167 1662 2321 1746 juris
2357 1657 2646 1749 pruden-

522 1780 681 1845 tiam
710 1777 833 1842 nisi
855 1779 1011 1863 juris
1037 1775 1285 1845 romani
1317 1776 1603 1868 peritum
1637 1797 1813 1866 posse
1840 1768 2177 1865 pervenire
2207 1773 2508 1840 convenit
2527 1777 2547 1854 (
2565 1796 2584 1836 1
2600 1777 2648 1856 ).
2692 1834 2701 1836 a

614 1891 842 1982 Neque
904 1914 1056 1959 vero
1109 1903 1377 1983 propter
1443 1889 1560 1955 has
1610 1887 1769 1956 solas
1824 1888 2101 1955 rationes
2153 1886 2325 1953 illius
2364 1887 2665 1954 scientia!

530 2004 902 2079 incumbere
947 2007 1105 2094 juris
1134 2003 1486 2072 studiosum
1520 2015 1777 2096 oportet
1807 2030 1825 2068 ε
1865 2005 1936 2068 in
1971 2027 2047 2069 eo
2090 2002 2265 2069 enim
2291 2001 2653 2093 praesertim

523 2118 771 2188 fructui
826 2134 919 2186 est
963 2120 1154 2197 huius
1213 2121 1370 2207 juris
1411 2117 1695 2187 studium
1721 2170 1738 2199 ,
1794 2115 1971 2210 quod
2029 2116 2425 2183 classicorum
2455 2118 2661 2203 juris-

528 2235 959 2302 consultorum
986 2258 1069 2301 ex
1115 2257 1192 2302 eo
1216 2233 1738 2326 perfectissimam
1780 2231 2156 2299 methodum
2188 2255 2262 2298 ac
2291 2229 2662 2298 doctrinam

534 2348 853 2417 addiscere
902 2349 1087 2417 nobis
1160 2347 1381 2430 liceat,
1437 2374 1569 2442 qua
1616 2349 1848 2416 imbuti
1900 2348 2100 2415 nostri
2151 2347 2308 2435 juris
2351 2346 2660 2438 peritiam

534 2464 904 2558 politiorem
930 2463 1194 2530 reddere
1213 2477 1278 2530 et
1303 2488 1518 2532 veram
1548 2467 1705 2552 juris
1732 2476 1932 2528 artem
1959 2464 2286 2554 acquirere
2305 2485 2667 2552 possumus.

627 2580 930 2671 Denique
963 2580 1099 2669 ipsa
1133 2578 1292 2665 juris
1318 2578 1569 2643 romani
1603 2577 1870 2669 historia
1909 2577 2074 2641 scitu
2110 2574 2482 2665 dignissima
2502 2587 2598 2640 est
2630 2601 2655 2640 ε

538 2718 694 2761 nam
759 2690 841 2759 de
907 2693 1105 2757 causis
1166 2691 1382 2782 legum
1446 2692 1760 2783 cogitanti
1803 2691 2036 2756 -omnis
2101 2691 2260 2776 juris
2329 2690 2662 2781 originem

541 2820 608 2874 et
658 2830 1021 2898 progressus
1043 2856 1061 2885 ‚
1113 2805 1630 2897 jurisprudentiae
1662 2806 1995 2875 crescentis
2033 2817 2100 2869 et
2142 2805 2522 2870 intereuntis
2551 2828 2668 2869 ra-

548 2923 724 2989 iones
749 2921 956 3012 aperit
974 2971 991 3000 ‚
1014 2942 1366 3011 rerumque
1388 2919 1807 3021 publicarum
1832 2920 2291 3012 gubernatores
2321 2917 2629 2986 admonet
2646 2971 2667 2999 ,

636 3288 728 3376 (1)
772 3294 1139 3356 Accuratius
1167 3305 1441 3356 nostram
1470 3293 1834 3376 opinionem
1863 3291 2257 3374 exposuimus
2280 3291 2346 3348 in
2375 3287 2667 3347 oratione

556 3400 906 3485 inaugurali
934 3412 1177 3476 nostra,
1219 3400 1435 3462 Leodii
1460 3401 1562 3462 die
1584 3400 1619 3460 3
1650 3421 1794 3461 nov.
1837 3396 1985 3480 1817
2020 3395 2232 3457 habita
2252 3441 2271 3469 ,
2300 3406 2363 3453 et
2381 3393 2666 3453 Annali-

556 3507 675 3572 bus
701 3509 1084 3570 Academicis
1112 3509 1263 3569 anni
1311 3506 1467 3569 1818
1505 3509 1765 3582 inserta,
1803 3524 2046 3564 necnon
2080 3504 2147 3561 in
2192 3480 2669 3584 praefationibus

557 3616 636 3676 ad
668 3616 952 3693 Gibbon‚
994 3615 1213 3677 Pre'cz‘s
1248 3614 1324 3675 de
1360 3613 1654 3674 l'lzistoire
1683 3613 1766 3671 du
1791 3610 1961 3701 droit
1985 3611 2236 3670 romain
2265 3655 2280 3683 ‚
2321 3629 2391 3667 ex
2433 3606 2669 3687 quibus

555 3723 893 3805 fragmenta
915 3722 1381 3784 retulitDae'mz's
1408 3769 1424 3796 ,
1511 3723 1585 3781 in
1663 3718 1794 3782 vol.
1850 3719 1947 3793 ΙΙ,
2011 3738 2074 3799 p.
2136 3713 2408 3798 375-383
2480 3711 2669 3791 (vide

559 3851 623 3910 p.
687 3827 797 3890 28.
842 3853 903 3889 n.
939 3828 1048 3909 1.).
1083 3828 1262 3889 Adde
1306 3828 1565 3906 Irving‚
1605 3825 2043 3885 Observations
2092 3842 2277 3902 supra
2336 3821 2556 3889 citatas
2602 3830 2674 3879 et

563 3935 633 3994 C.
682 3933 878 3996 Holtii
928 3938 1129 3998 oratio
1180 3936 1258 3996 de
1308 3936 1460 4016 juris
1531 3932 1768 3993 romani
1821 3929 2029 3990 studio
2080 3931 2266 3988 ctiam
2311 3937 2451 4007 post
2488 3946 2679 3985 reno-

557 4049 773 4125 vatum
851 4047 948 4125 jns
996 4054 1273 4103 nostrum
1316 4041 1552 4123 legibus
1598 4038 2090 4122 pernecessario,
2141 4033 2357 4096 habita
2407 4028 2674 4096 Lovanii

564 4168 644 4232 29
685 4146 800 4231 jul.
855 4145 1134 4226 1823380.
