2893 4778
971 338 1497 389 m'rnoDUC‘l'lo.
1775 380 1776 383 ,
2206 318 2300 394 55

274 463 576 533 Plurimis
600 460 786 529 bellis
823 460 1215 528 Iustinianus
1254 458 1602 554 implicitus
1643 459 1798 544 fuit,
1847 487 2050 556 eaque
2085 469 2302 532 onmia

194 580 310 647 fere
346 578 626 646 feliciter
665 575 837 641 finiit
888 600 1005 667 per
1047 575 1236 642 duces
1278 575 1646 644 fortissimos
1671 628 1689 657 ‚
1753 601 1872 669 per
1925 578 2301 646 Belisarium

194 694 414 761 scilicet
457 705 525 759 et
557 692 849 773 Narsen3
898 714 980 754 ex
1024 689 1240 756 multis
1268 691 1451 758 victis
1480 687 1731 782 populis
1760 692 1882 757 sibi
1915 695 2301 783 cognomina

194 808 411 898 adjecit
451 812 470 889 (
497 831 519 872 1
545 812 567 891 )
598 813 909 896 tanquam
940 827 1166 869 eorum
1203 800 1681 895 triumphatori.

272 921 310 988 J
312 922 676 988 ustinianus
721 917 1068 986 virtutibus
1109 929 1367 987 ornatus
1388 966 1404 997 ,
1455 914 1672 984 multis
1721 914 1915 984 etiam
1933 1002 1938 1015 J
1957 906 2126 986 vitiis
2163 932 2301 988 erat

196 1033 557 1101 maculatus.
610 1030 1041 1123 Philosophiae
1081 1031 1390 1121 bonisque
1433 1032 1671 1096 artibus
1719 1033 2303 1125 juvenis-magnam

198 1173 448 1242 operam
494 1124 819 1224 navabat,
871 1168 1099 1236 easque
1162 1168 1410 1236 semper
1474 1144 1691 1211 coluit.
1782 1144 2305 1236 Splendidissima

197 1262 499 1329 exstruxit
531 1257 841 1338 aedificia,
881 1259 1048 1323 inter
1092 1283 1234 1351 quae
1266 1258 1580 1350 templum
1620 1257 1682 1323 S.
1724 1257 1982 1349 Sophiae
2021 1261 2303 1326 celeber-

200 1376 428 1439 rimum
496 1383 662 1437 erat.
727 1371 1076 1460 Imperium
1129 1391 1466 1435 romanum
1525 1368 1688 1434 bene
1742 1372 2069 1436 constituit
2094 1423 2112 1452 ‚
2173 1376 2303 1463 ipse

202 1486 517 1552 laboribus
571 1498 667 1550 et*
693 1484 964 1574 negotiis
1029 1482 1299 1575 publicis
1352 1483 1531 1549 nullo
1588 1483 1779 1549 modo
1832 1487 2116 1555 cessavitq
2179 1487 2328 1572 Has*

205 1600 405 1668 laudes
467 1611 688 1666 autem
744 1594 1117 1664 criminibus
1176 1622 1308 1663 non
1365 1620 1512 1664 raro
1570 1592 1910 1664 maculavit
1962 1622 1978 1664 e
2035 1596 2310 1667 nimium

201 1738 363 1781 vanae
385 1712 612 1806 gloriae
638 1709 906 1803 cupidus
931 1762 947 1791 ,
993 1712 1286 1776 aerarium
1311 1713 1623 1777 sumtibus
1642 1710 1960 1791 immensis
1984 1706 2302 1798 exhausit,

200 1827 357 1920 leges
388 1826 557 1893 adeo
581 1877 599 1905 ‚
635 1827 845 1918 pretio
882 1839 1141 1917 accepto
1173 1876 1189 1903 ,
1229 1825 1378 1891 tulit
1416 1836 1482 1890 et
1520 1824 1793 1894 abolevit
1829 1833 1969 1911 (2).

278 1944 360 2007 In
387 1926 1333 2030 instaurandisjurisprudentia
1364 1952 1428 2004 et
1449 1936 1693 2030 legibus
1712 1992 1727 2018 ‚
1747 1938 2007 2008 consilio
2038 1964 2309 2034 praeser—

204 2055 313 2121 tim
357 2079 509 2121 usus
554 2065 645 2118 est
699 2052 771 2118 T
760 2049 1097 2116 ribomzmi
1110 2093 1137 2129 ,
1176 2052 1387 2142 *primi
1437 2051 1606 2116 illius
1646 2056 1951 2143 temporis
1988 2059 2309 2143 juriscon-

204 2168 389 2247 sulti,
448 2166 535 2232 ad
567 2189 843 2231 summas
880 2160 1217 2255 dignitates
1271 2192 1307 2230 a
1349 2163 1706 2231 Justiniano
1768 2167 1935 2231 elati,
1999 2170 2122 2233 Hic
2170 2173 2311 2250 vir,

205 2305 325 2372 quo
365 2278 640 2372 praeside
684 2258 894 2343 caeteri
940 2279 1008 2340 in
1066 2275 1461 2344 conficiendo
1508 2281 1688 2373 juris
1721 2302 1983 2370 corpore
2036 2279 2313 2346 adhibiti
2369 2282 2384 2284 '

204 2396 458 2461 fuerant
481 2445 499 2475 ,
532 2417 727 2459 omne
761 2415 919 2482 opus
951 2378 1264 2457 ordinasse
1295 2406 1489 2483 atque
1518 2389 1849 2458 absolvisse
1883 2392 2137 2460 videtur
2171 2394 2308 2480 (3).

285 2516 606 2575 Praeterea
642 2496 1055 2571 ‘doctissimos
1104 2504 1200 2570 sui
1269 2508 1386 2575 aevi
1446 2505 1915 2594 jurisconsultos
1944 2548 1971 2589 ‚
2029 2520 2162 2572 tam
2219 2514 2316 2596 jus

209 2617 500 2689 docentes
543 2643 737 2711 quam
797 2613 951 2684 alios
993 2615 1310 2699 consului-t
1334 2671 1350 2699 ‚
1421 2641 1699 2711 quorum
1770 2625 1841 2684 in
1887 2623 2115 2716 veteris
2161 2626 2318 2711 juris

206 2737 492 2815 scientia,
530 2733 908 2813 eruditioni,
939 2735 1295 2823 sagacitati,
1320 2759 1390 2801 ac
1421 2733 1594 2802 civili
1618 2733 1976 2825 prudentia}
2001 2760 2317 2804 summam

208 2849 457 2917 laudem
497 2847 780 2915 tribuere
812 2870 927 2914 nos
963 2859 1229 2939 oportet.

290 3193 398 3274 (ι)
442 3192 598 3252 Inde
643 3186 709 3252 in
756 3184 1116 3274 praefatione
1144 3187 1617 3253 Institutionum
1663 3200 1724 3250 et
1773 3182 1925 3253 alibi
1965 3181 2318 3275 appellatur

217 3298 658 3362 Alemannicus
684 3347 701 3376 ,
739 3298 1041 3358 Gothicus
1065 3346 1082 3374 ‚
1123 3298 1460 3359 Francicus
1486 3343 1503 3375 ,
1535 3299 1937 3359 Germanicus
1961 3346 1979 3377 ,
2012 3299 2276 3362 Anticus
2298 3343 2315 3376 ,

217 3407 553 3483 AlanicuS,
590 3403 1009 3482 Vandalicus‚
1056 3405 1415 3465 AfricanuS.
1482 3445 1486 3454 ι

295 3542 395 3623 (2)
442 3540 618 3602 Vitia
636 3539 976 3602 Iustiniani
1002 3542 1309 3602 memoriae
1334 3539 1617 3623 prodidit
1645 3541 1990 3625 Procopius
2022 3542 2089 3601 in
2113 3538 2322 3600 Anca-

221 3647 413 3724 dotis,
461 3650 596 3711 sive
632 3646 895 3708 historia
931 3669 1177 3709 arcana.
2217 3650 2226 3654 ”

294 3780 397 3860 (3)
438 3777 634 3838 Bach.
666 3824 684 3853 ‚
729 3778 776 3838 l.
822 3799 878 3839 c.
908 3825 925 3854 ‚
967 3777 1080 3840 lib.
1121 3771 1240 3854 1V‘,
1275 3797 1333 3842 c.
1375 3773 1444 3855 I,
1491 3785 1638 3839 sect.
1676 3775 1813 3854 111,
1851 3774 1881 3858 ᾗ
1918 3771 1979 3853 4.
2013 3773 2164 3836 Erat
2191 3795 2330 3842 mas

221 3885 399 3965 gister
439 3885 793 3947 officiorum
831 3933 850 3960 ‚
895 3895 1160 3967 quaestor
1208 3887 1365 3945 sacri
1417 3884 1656 3967 palatii
1683 3894 1744 3943 et
1787 3879 2025 3943 consul.
2077 3881 2168 3943 Ex
2216 3883 2321 3948 bi·-

220 3986 521 4052 bliotheca
554 4012 673 4050 sna
700 3990 1183 4050 instructissima
1225 3987 1423 4050 libros
1460 4001 1740 4051 veterum
1776 3979 2149 4070 scriptorum
2176 4008 2322 4068 sup·-

214 4098 534 4178 peditavit.
562 4098 717 4181 Ejus
739 4099 937 4162 vitam
961 4096 1346 4180 Ludewig-in
1367 4115 1554 4178 opere
1573 4110 1759 4178 supra
1784 4094 2036 4158 laudato
2049 4094 2320 4178 scripsit-

1933 4203 2013 4277 5.
