2893 4778
911 300 1524 366 PRAEFATIo.
1987 362 1992 363 γ
2123 292 2300 390 -xiij

302 443 384 515 ·In
421 469 502 517 eo
548 466 718 518 vero
777 442 1097 516 maxime
1153 438 1249 516 ab
1304 436 1567 515 iisdem
1610 466 1862 514 meum
1921 440 2298 544 discrepat

245 590 412 665 opus,
436 563 628 667 quod
651 565 1229 663 innumeras-ego
1259 559 1645 637 divisiones
1670 579 1743 638 et
1765 563 2293 640 subdivisiones

243 672 573 789 in'singulis.
607 686 924 762 materiis
962 684 1387 761 ordinandis
1429 688 1696 783 omisi,
1728 715 1820 763 ne
1861 688 1961 763 ob
2000 692 2340 765 nimiam‘

245 808 609 884 anxietatem
653 806 1102 909 simplicitati
1165 833 1251 883 ac
1309 808 1855 910 perspicuitati,
1951 807 2031 883 in
2094 812 2303 885 omni

245 927 512 1007 doctrina
590 931 786 1007 bene
857 927 1268 1004 ordinanda
1351 956 1716 1032 perquam
1798 934 2220 1015 necessariae
2264 986 2297 1027 ‚

244 1051 619 1130 efficeretur.
696 1052 858 1149 Qui
943 1054 1480 1128 accuratissime
1563 1053 1641 1126 in
1708 1052 1988 1128 tabulas
2048 1056 2296 1129 omnia

249 1174 614 1252 distribuere
667 1178 1036 1280 cupiunt,
1085 1172 1515 1263 divisioneS,
1558 1190 1723 1277 quae
1775 1174 2059 1305 silentio
2096 1200 2298 1278 prae-

248 1299 526 1375 termissae
567 1317 771 1390 sunt,
819 1298 1031 1374 facile
1075 1298 1549 1412 supplebunt.

311 1517 740 1598 Universam
721 1520 898 1620 luris
928 1518 1218 1598 romani
1240 1517 1508 1620 privati
1541 1517 1949 1594 doctrinam
1978 1524 2304 1624 quinque

249 1631 399 1717 libris
455 1642 828 1718 absolvere
894 1642 1306 1716 constitui:
1383 1642 1665 1744 primus
1734 1643 2099 1745 generalia
2182 1646 2318 1718 ex-'

248 1754 405 1838 hibet
443 1776 850 1897 praecepta3
912 1760 1091 1836 alter
1136 1787 1219 1836 ea
1275 1789 1440 1863 quae
1486 1765 1854 1865 pertinent
1890 1762 2047 1837 ad
2027 1790 2184 1864 jura
2232 1767 2307 1838 in

250 1905 306 1954 re
351 1857 525 1986 (hae
539 1902 783 1989 partes
840 1888 1083 1988 primo
1150 1883 1296 1959 hoc
1346 1885 1710 1962 volumine
1751 1888 2307 1984 continentu1);

251 2007 443 2082 tertius
499 2004 1032 2110 obligationum
1102 2007 1513 2083 doctrinam
1581 2024 1947 2111 exponet3
2010 2026 2313 2110 quartus

251 2125 367 2222 jura
431 2131 772 2207 familiam
816 2120 1313 2232 sspectantia·
1294 2188 1314 2219 ‚
1388 2132 1681 2234 quintus
1753 2131 2074 2232 denique
2138 2132 2314 2230 juris

249 2256 476 2348 'partem
532 2254 628 2336 de
694 2253 1222 2362 hereditatibus
1285 2270 1359 2328 et
1414 2254 1669 2356 legatis
1721 2252 2164 2355 explanabit.

317 2498 742 2605 Longiorern
802 2502 1432 2578 introductionem
1472 2499 1896 2577 historicam
1947 2518 2024 2577 et
2062 2501 2315 2582 litera-

247 2618 386 2695 riam
430 2627 758 2706 universo
810 2629 1022 2729 operi
1063 2627 1428 2728 praemisi‚
1490 2620 1758 2728 partim
1804 2624 2010 2727 quod
2057 2649 2316 2710 norma

252 2738 518 2823 docendi
546 2751 624 2822 in
657 2747 1074 2823 Academiis
1115 2746 1432 2849 Belgicis
1474 2764 1849 2850 ‘praecepta
1872 2747 2020 2821 hoc
2047 2749 2253 2846 jubet
2287 2804 2307 2835 ,

250 2870 469 2959 partim
505 2869 715 2973 quod
765 2886 918 2950 tota
956 2896 1118 2945 mea
1160 2870 1271 2965 jus
1319 2895 1702 2944 romanum
1750 2863 2311 2947 traden‘d-izra‘tio

253 2985 393 3072 inde
423 2992 812 3069 illustratur
843 3010 915 3068 et
942 2975 1246 3094 juvatur.
1279 2992 1622 3095 Denique
1642 2991 1786 3083 'has
1816 2989 2105 3068 notitias
2142 2995 2316 3095 juris

258 3115 494 3194 romani
539 3115 952 3200 cul-toribus
992 3141 1145 3190 non
1186 3118 1505 3216 ingratas
1548 3140 1709 3212 esse
1745 3113 2055 3191 credidi.

323 3357 432 3438 Me
487 3364 658 3439 totis
707 3360 978 3440 viribus
1033 3359 1208 3436 huic
1269 3362 1527 3461 operi,
1592 3378 1667 3437 et
1713 3364 1990 3464 ingenii
2034 3367 2181 3440 mei
2245 3382 2319 3440 et

257 3476 563 3568 doctriuae
607 3512 790 3566 meae
836 3511 1194 3560 summam
1222 3485 1640 3586 superanti,
1688 3513 1995 3589 operam
2028 3514 2316 3563 navasse
2381 3525 2384 3528 ¹

255 3608 350 3681 vix
394 3628 494 3686 est
556 3610 763 3714 quod
813 3636 1190 3699 moneam3
1248 3609 1481 3685 multo
1531 3613 1924 3713 perfectius
1975 3609 2059 3684 id
2102 3612 2316 3689 fuisse

257 3724 533 3807 futurum
556 3717 901 3837 equidem
947 3730 1147 3810 haud
1179 3734 1443 3835 ignoro
1472 3790 1493 3822 ‚
1538 3736 1599 3809 si
1635 3748 2049 3809 correctum
2098 3721 2320 3839 afque

259 3856 680 3935 emendatum
749 3873 919 3961 post
968 3859 1216 3962 plures
1283 3882 1510 3932 annos
1562 3856 2050 3958 publicassem
2107 3888 2124 3931 τ
2188 3860 2318 3933 sed

258 3983 612 4066 necessitati
644 3980 915 4059 cedere
947 3978 1210 4068 debui,
1236 3994 1316 4053 ut
1344 3978 1720 4081 discipulis
1752 3982 2317 4084 quam-primum
