2893 4778
513 277 660 353 568
842 299 1351 352 commum-Anu
1399 301 1601 347 smus
1649 299 1932 353 nontam
1981 303 2299 353 rmvut.

509 431 793 523 priorem
826 439 1061 497 statum
1096 449 1262 494 nova
1279 448 1378 491 res
1413 422 1634 491 reduci
1657 425 1852 517 possit
1879 423 1896 507 3
1945 425 2057 494 sed
2087 430 2136 493 is
2158 481 2175 507 ‚
2222 429 2337 525 qui
2378 432 2615 522 praeter

516 544 896 612 industriam
927 566 1105 609 suam
1150 554 1216 608 et
1265 540 1597 633 propriam
1633 542 1964 608 materiam
1993 540 2289 609 adhibuit
2313 595 2330 625 ,
2371 532 2633 637 semper

516 683 698 727 novae
725 658 956 751 speciei
991 654 1290 724 dominus
1325 654 1419 721 fit.
1472 653 1637 720 Illud
1680 668 1895 723 autem
1919 658 2304 750 requiritur,
2347 660 2398 724 si
2439 682 2629 727 novae

507 773 743 866 speciei
778 770 1008 841 artifex
1045 796 1186 837 eam
1222 793 1402 835 suam
1422 792 1551 835 esse
1589 769 1932 861 praetendit
1956 821 1973 852 ‚
2013 783 2089 838 ut
2118 772 2423 837 habuerit
2476 773 2634 837 ani-

518 912 699 955 mum
730 937 748 966 ‚
798 883 971 952 illam
1022 884 1145 952 sibi
1199 881 1576 977 perficiendi
1651 888 1765 970 (1)
1805 912 1825 968 3
1881 910 2033 951 nam
2094 888 2147 952 si
2210 884 2318 952 alii
2373 898 2633 953 tantum

519 1026 782 1094 operam
801 1019 980 1066 suam
1007 998 1518 1067 accommodavit
1536 1050 1553 1080 ,
1582 1024 1680 1066 res
1699 999 1780 1065 ad
1796 1000 1970 1066 bunc
1993 1001 2289 1092 pertinet.
2316 1000 2634 1067 Ceterum

518 1117 614 1184 nil
651 1118 911 1182 interest
933 1165 952 1195 ‚
992 1117 1121 1183 sive
1155 1112 1260 1180 ille
1301 1115 1370 1180 in
1397 1114 1571 1181 bona
1594 1117 1722 1183 sive
1760 1117 1830 1180 in
1856 1113 2021 1180 mala
2056 1114 2181 1181 fide
2206 1115 2441 1196 fuerit3
2476 1141 2630 1183 nam

517 1246 583 1299 et
615 1210 738 1298 “fiir
783 1252 966 1297 novae
1020 1229 1252 1321 speciei
1305 1227 1608 1296 dominus
1668 1214 1807 1295 fieri
1864 1228 2053 1296 debet
2109 1234 2221 1315 (2)
2241 1275 2268 1311 ,
2323 1233 2631 1320 quoniam

520 1346 789 1416 dominii
824 1343 1108 1412 translati
1157 1366 1342 1410 causa
1405 1345 1478 1410 in
1537 1367 1613 1411 eo
1662 1344 1946 1411 consistit
1974 1394 1991 1422 ‚
2056 1356 2131 1409 ut
2192 1369 2291 1410 res
2347 1346 2635 1412 anterior

520 1457 858 1524 interemta
920 1457 1000 1522 sit
1032 1482 1051 1538 3
1107 1478 1228 1520 nec
1245 1496 1250 1505 .
1268 1454 1499 1547 aliquis
1542 1457 1616 1521 in
1664 1477 1932 1548 corpore
1983 1451 2232 1523 sublato
2252 1504 2253 1507 ,
2270 1448 2633 1524 dominium

519 1573 754 1640 habere
789 1583 999 1665 potest
1038 1564 1178 1655 (3).

521 1876 648 1921 non
677 1859 847 1920 enim
893 1880 1067 1919 suam
1096 1858 1280 1921 modo
1317 1879 1574 1942 operam
1614 1860 1683 1922 in
1729 1861 2001 1943 speeiem
2039 1861 2353 1944 impendit
2377 1909 2396 1941 ‚
2426 1862 2533 1924 sed
2573 1871 2634 1925 et

519 1977 764 2050 partem
805 1968 1078 2028 materiae
1112 1965 1398 2050 praebuit.
1434 1994 1465 2026 ι»
1517 1967 1613 2032 Ita
1659 1966 1920 2050 plurimi
1967 1980 2245 2031 auctores
2291 1971 2634 2032 Germaniae

519 2085 793 2135 recentes
842 2084 917 2135 ut
982 2074 1242 2134 nibaut
1266 2120 1285 2149 ‚
1346 2093 1480 2134 von
1539 2074 1824 2156 PVening
1853 2121 1871 2155 ,
1936 2075 2311 2155 Mackeldey
2335 2123 2353 2153 ,
2424 2080 2632 2155 ceteri,

518 2180 912 2245 Contrariam
951 2180 1309 2261 opinionem
1344 2177 1653 2262 hodieque
1684 2179 1764 2241 ad
1795 2180 1966 2243 varia
2006 2181 2458 2245 Pandectarum
2503 2182 2636 2245 loca

473 2342 480 2347 ,
522 2290 693 2370 (quae
727 2286 1018 2369 abrogata
1057 2284 1279 2346 haberi
1318 2285 1582 2370 debent)
1630 2286 1911 2367 defendit
1935 2287 2053 2351 Du
2098 2291 2407 2375 Cam-roy,
2453 2288 2629 2365 l.·c.‚

521 2416 587 2478 p.
615 2392 777 2479 ¹275·

607 2504 717 2585 (1)
759 2501 831 2562 L.
867 2522 939 2586 7,
972 2499 1003 2584 §
1034 2523 1109 2584 7,
1138 2501 1318 2569 init..
1357 2500 1402 2561 l.
1436 2500 1550 2576 25,
1584 2500 1630 2563 1.
1663 2521 1739 2586 27
1769 2524 1903 2588 pr„
1931 2505 2011 2565 D.
2042 2504 2108 2565 h.
2138 2516 2185 2566 t.

606 2607 718 2690 (2)
763 2608 885 2672 Sed
926 2607 1171 2669 coudici
1219 2607 1301 2668 ab
1330 2629 1403 2668 eo
1451 2629 1549 2668 res
1577 2621 1781 2690 potest
1810 2609 1858 2671 l.
1914 2599 1983 2671 13
2028 2659 2045 2688 ‚
2093 2608 2204 2689 14,
2247 2613 2354 2689 D„
2409 2614 2520 2689 13,
2564 2635 2586 2675 1
2615 2605 2641 2688 ,¹

532 2718 643 2802 (de
672 2718 945 2780 condiet.
983 2717 1266 2793 fmiva)
1295 2738 1317 2795 3
1363 2715 1423 2779 l..
1450 2715 1528 2782 52
1556 2764 1574 2802 ²,
1620 2718 1649 2800 §
1686 2718 1760 2796 ¹4
1781 2766 1801 2796 ‚
1832 2720 1914 2780 D.
1950 2717 2026 2804 47
2056 2767 2073 2796 ,
2106 2741 2143 2781 α
2168 2768 2189 2798 ‚
2232 2721 2345 2802 (de
2370 2722 2632 2806 furtis);

528 2827 662 2908 Gaj.
705 2827 808 2903 11,
850 2826 878 2909 §
912 2846 1030 2911 793
1065 2826 1433 2906 Gesterding
1455 2872 1475 2901 ‚
1509 2845 1662 2886 vom
1682 2827 2066 2908 Eigenthum
2089 2877 2107 2904 ,
2151 2850 2296 2913 pag.
2333 2829 2475 2913 269.

610 2961 714 3043 (3)
757 2959 1026 3021 Plurimi
1069 2972 1350 3023 auctores
1390 2961 1631 3022 bonam
1662 2962 1851 3024 fidem
1888 2966 2219 3046 requirunt
2271 2968 2339 3027 in
2387 2988 2483 3043 eo,
2525 2968 2637 3050 qui

528 3091 600 3131 ex
647 3089 715 3130 re
748 3065 954 3129 aliena
989 3087 1215 3131 novam
1252 3069 1522 3150 speciem
1568 3069 1838 3130 confecit
1869 3091 1891 3149 3
1942 3079 2082 3132 tum
2118 3072 2290 3155 quod
2336 3094 2517 3134 nemo
2546 3087 2638 3134 ‘ex

528 3173 834 3238 dolo-suo
873 3172 1101 3237 lucrari
1143 3185 1322 3257 posse
1366 3187 1741 3257 praeceptum
1785 3179 1907 3254 sit,
1955 3188 2090 3239 tum
2131 3179 2214 3239 ob
2254 3177 2299 3243 l.
2339 3196 2409 3240 ια
2433 3226 2450 3255 ,
2500 3179 2528 3261 §
2563 3181 2636 3253 3,

529 3286 618 3345 D.
664 3304 776 3358 10,
847 3281 931 3361 4,
983 3281 1530 3362 (adexhibend.)
1577 3301 1601 3361 3
1683 3283 1791 3344 sed
1842 3305 1983 3345 eum
2037 3283 2270 3351 lucrari
2335 3285 2460 3346 dici
2513 3307 2642 3347 non

531 3397 735 3471 potest
755 3434 773 3462 ‚
818 3388 1113 3471 quoniam
1146 3388 1541 3450 condictione
1566 3389 1799 3453 furtiva
1825 3439 1842 3468 ,
1873 3393 2118 3452 actione
2156 3393 2313 3452 furti
2351 3391 2453 3453 vel
2491 3390 2644 3474 legis

533 3491 834 3578 Acq'uiliae
859 3503 1137 3572 tenetur3
1178 3514 1292 3555 nee
1324 3495 1534 3557 minus
1572 3498 1902 3558 interemta
1936 3518 2033 3558 res
2073 3496 2197 3559 dici
2223 3498 2408 3559 debet
2432 3544 2450 3574 ,
2478 3499 2644 3581 quod

533 3606 589 3665 is
619 3603 784 3665 mala
838 3602 962 3664 fide
998 3622 1135 3664 eam
1176 3604 1605 3685 consumpsit3
1645 3603 1818 3664 aliud
1866 3625 2113 3688 quoque
2150 3615 2245 3667 est
2289 3604 2503 3666 dolosa
2557 3607 2645 3666 rei

533 3709 944 3772 contrectatio
966 3756 985 3786 ‚
1029 3706 1203 3771 aliud
1231 3729 1406 3772 novae
1443 3710 1672 3792 speciei
1708 3711 2037 3775 confectio.
2078 3712 2149 3772 L.
2191 3732 2261 3774 ια
2293 3758 2312 3791 ,
2356 3710 2385 3794 §
2426 3714 2463 3773 3
2484 3760 2501 3788 ,
2540 3715 2644 3772 cit.

529 3816 826 3901 abrogata
881 3816 1104 3879 haberi
1154 3815 1341 3878 debet
1360 3863 1380 3892 ,
1417 3838 1564 3879 nam
1599 3818 1785 3880 Pauli
1819 3820 2126 3881 sententia
2170 3819 2262 3880 ibi
2305 3818 2500 3880 relata
2532 3840 2643 3879 -se-

475 3959 478 3960 ⁷
534 3927 810 3990 cundum
862 3928 1189 4009 opiniones
1249 3927 1832 4008 jurisconsultorum
1887 3950 1999 4012 per
2047 3927 2078 4013 §
2133 3928 2254 4007 25,
2311 3931 2371 3990 Ι.
2427 3927 2502 3988 h.
2550 3940 2641 4001 t.‚

544 4036 883 4120 abrogatas.
908 4034 1036 4098 lata
1071 4047 1209 4115 est3
1252 4035 1423 4120 quod
1468 4057 1543 4099 ex
1589 4036 1833 4102 ultimis
1876 4036 2000 4100 loci
2052 4037 2260 4118 verbis
2304 4035 2657 4120 colligitur.
2718 4036 2722 4045 '
