2893 4778
537 321 678 395 500
862 341 1373 396 connum-Amr
1422 339 1623 394 smus
1676 343 1960 394 norum
2010 345 2328 397 pawn-1.

625 470 792 538 Sunt
844 465 1217 559 hujusmodi
1262 472 1537 562 pignora
1595 469 1695 538 vel
1738 471 2057 564 generalia
2081 517 2104 553 ,
2158 471 2259 539 vel
2306 471 2648 565 specialia,
2717 509 2722 516 ·

534 596 847 675 quatenus
890 575 1128 651 scilicet
1182 597 1293 650 aut
1341 585 1414 648 in
1464 583 1760 649 omnibus
1814 582 2117 651 debitoris
2158 586 2342 651 bonis
2391 588 2644 651 consis-

534 706 684 762 tunt
711 746 729 776 ‚
800 707 908 761 aut
958 696 1028 760 in
1069 695 1321 787 singula
1376 695 1470 761 re.
1508 694 1859 763 Inciviliter
1916 695 2179 787 quidam
2225 700 2383 784 juris
2430 700 2642 789 scrip-

538 821 706 877 tores
734 812 825 895 (1)
862 809 1063 875 mixta
1093 833 1349 900 quoque
1370 809 1682 896 ejusmodi
1716 810 1992 903 pignora
2015 834 2146 876 esse
2159 810 2648 894 docuere3nam

537 946 682 1016 quae
720 924 792 988 in
851 921 1088 991 horum
1154 946 1496 990 numerum
1555 922 1843 990 referunt
1882 974 1898 1005 ,
1967 924 2258 1016 specialia
2318 938 2467 991 sunt
2513 925 2647 993 ha·-

537 1034 748 1105 benda
807 1038 953 1125 (2).
1022 1035 1384 1128 Diligenter
1452 1035 1670 1128 legalis
1711 1035 2072 1129 hypotheca
2132 1064 2168 1103 a
2215 1037 2650 1130 privilegiario

534 1152 809 1246 pignore
864 1150 1106 1217 secerni
1157 1149 1347 1216 debet
1390 1176 1410 1234 3
1467 1175 1619 1216 nam
1675 1148 1823 1218 licet
1883 1150 1988 1217 illa
2044 1148 2370 1218 meliorem
2426 1150 2654 1220 reddat

538 1263 770 1332 crediti
825 1287 1077 1331 causam
1135 1275 1424 1355 respectu
1480 1263 1873 1330 creditorum
1924 1266 2603 1357 chirographariorum
2630 1313 2651 1346 ,

538 1391 757 1445 tamen
800 1378 934 1471 ipsa
973 1376 1337 1469 hypotheca
1375 1380 1562 1444 tacita
1594 1401 1670 1445 eo
1702 1379 1919 1469 potior
1947 1403 2081 1445 non
2115 1392 2250 1460 est,
2285 1378 2463 1471 quod
2505 1377 2649 1471 lege

539 1493 812 1582 nititur3
850 1515 1002 1557 nam
1032 1503 1183 1557 sunt
1215 1503 1279 1556 et
1314 1494 1585 1584 pignora
1616 1493 2044 1559 conventione
2082 1495 2459 1576 constituta,
2506 1514 2651 1585 quae

540 1604 891 1699 privilegiis
930 1603 1249 1671 fruuntur.

637 1718 793 1786 365.
842 1717 1066 1785 Veteri
1109 1718 1546 1783 Romanorum
1592 1721 1730 1804 jure
1783 1721 1989 1785 tacitae
2032 1705 2413 1811 hypotheca}
2453 1722 2651 1814 igno-

542 1832 851 1901 rabantur
877 1874 906 1910 ,
961 1841 1102 1923 qu⁷ae
1165 1831 1565 1921 temporibus
1624 1831 1849 1898 Nervae
1920 1832 2021 1901 vel
2070 1836 2334 1920 Traiani
2388 1834 2651 1903 demum

544 1943 927 2014 introductae
967 1957 1115 2010 sunt
1149 1970 1167 2027 ;
1227 1944 1674 2035 antiquissimae
1734 1944 1990 2011 illarum
2037 1950 2456 2015 conventione
2508 1949 2653 2040 pri-

546 2085 731 2130 mum
780 2059 1081 2126 constitui
1134 2056 1330 2123 solitae
1383 2070 1566 2123 eraut
1601 2108 1618 2138 ,
1663 2069 1753 2126 *et
1825 2081 1975 2126 cum
2031 2063 2220 2136 tacite
2281 2085 2530 2154 semper
2582 2064 2653 2130 in

545 2173 975 2266 contractibus
1031 2168 1658 2263 subintelligerentur
1680 2224 1698 2252 ,
1772 2186 1988 2265 postea
2052 2176 2337 2242 moribus
2407 2176 2652 2257 confir-

548 2298 737 2355 matae
777 2287 913 2377 ipso
947 2288 1083 2372 jure
1119 2279 1337 2348 locum
1382 2283 1616 2349 habere
1657 2298 2004 2376 coeperunt.
2038 2285 2175 2353 Sub
2207 2286 2654 2377 posterioribus

545 2401 1047 2495 Imperatoribus
1089 2397 1392 2491 legalium
1452 2394 1800 2492 pignorum
1846 2424 2144 2468 numeros
2201 2402 2272 2467 in
2326 2401 2655 2468 infinitum

550 2530 770 2601 auctus
822 2528 915 2582 est
949 2560 974 2594 ,
1035 2512 1310 2603 indeque
1374 2518 1473 2602 jus
1540 2514 2049 2605 hypothecarum
2102 2513 2285 2583 valde
2342 2517 2656 2584 incertum

547 2630 809 2700 factum.
856 2629 1173 2713 Praeterea
1226 2624 1395 2718 leges
1456 2624 1565 2691 illa
1615 2625 2091 2694 introducentes
2133 2629 2468 2718 saepissime
2507 2630 2654 2696 obs-

549 2767 718 2809 curae
764 2754 830 2807 et
862 2739 1069 2807 dubiae
1102 2751 1251 2805 sunt
1282 2789 1299 2817 ,
1360 2763 1556 2830 quare
1602 2736 1896 2829 plurimis
1953 2744 2399 2810 controversiis
2440 2766 2653 2810 ausam

554 2855 886 2922 dederunt.
932 2853 1223 2918 Primum
1262 2850 1339 2916 de
1376 2850 1644 2943 singulis
1687 2850 2066 2947 hypothecis
2104 2853 2420 2947 legalibus
2458 2879 2654 2948 gene-

469 3000 474 3007 ·
548 2964 790 3038 talibus
827 3013 845 3045 ,
899 2961 1127 3029 deinde
1181 2962 1260 3029 de
1321 2962 1724 3054 specialibus,
1764 2963 2187 3056 dispiciamus.
2243 2965 2658 3037 Admonendi

553 3072 770 3148 autem
814 3101 1027 3143 sumus
1060 3128 1075 3156 ‚
1120 3100 1340 3144 omnes
1390 3076 1782 3168 hypothecas
1827 3080 2050 3145 tacitas
2076 3130 2094 3160 ,
2151 3103 2300 3146 cum
2352 3079 2659 3172 singulari

549 3199 692 3286 iure
728 3196 1198 3261 constituantur
1229 3244 1246 3272 ,
1292 3191 1375 3259 ad
1417 3217 1593 3260 casus
1635 3218 1751 3286 pro
1780 3196 2015 3286 quibus
2051 3197 2435 3264 introductae
2465 3209 2658 3283 sunt,

552 3311 856 3400 restringi
890 3331 1009 3375 nec
1040 3304 1121 3374 ad
1144 3305 1383 3373 similes
1413 3330 1628 3375 causas
1667 3308 1927 3376 extendi
1963 3308 2193 3381 debere
2236 3311 2373 3398 (3).

554 3494 2658 3529 W

632 3632 706 3711 (ι
729 3630 750 3711 )
794 3627 1012 3690 Veluti
1062 3625 1328 3688 Thibaut
1365 3623 1427 3707 §
1422 3623 1611 3702 642,
1652 3625 2007 3710 Schweppe
2053 3626 2081 3709 §
2126 3626 2267 3691 305.

639 3741 756 3819 (α)
801 3736 982 3814 Quod
1021 3735 1412 3796 demonstrat
1442 3731 1682 3809 Gliick,
1708 3730 1757 3795 1.
1789 3740 1866 3811 ος,
1898 3755 1961 3816 p.
1988 3732 2147 3813 403—
2151 3733 2320 3817 405·
2339 3755 2471 3799 von
2507 3735 2665 3799 W·-

556 3848 758 3929 m‘ng,
799 3843 1115 3905 Lehrhuch
1161 3843 1260 3917 11,
1303 3840 1332 3924 §
1379 3841 1512 3902 133.

640 3953 751 4031 (3)
798 3953 873 4011 In
910 3947 1123 4030 Belgio
1160 3944 1316 4009 olim
1355 3947 1484 4009 fere
1514 3943 1702 4008 nullae
1737 3896 2102 4030 hypothecae
2144 3950 2343 4011 tacitae
2382 3951 2523 4031 jure
2559 3969 2662 4012 ro·

548 4078 619 4114 .n
625 4076 745 4118 ano
784 4056 1132 4125 constituta
1183 4063 1446 4135 receptae
1498 4064 1714 4137 erant3
1770 4053 1918 4121 vide
1969 4055 2384 4136 StockmanS,
2431 4056 2661 4124 decisio
