2893 4778
533 272 687 376 478
855 293 1368 348 connmann
1414 295 1619 347 smus
1667 295 1952 348 nomm
2001 298 2325 351 rame-1·

540 443 767 489 verum
788 421 983 488 etiam
1000 418 1267 487 aedificia
1295 423 1405 505 (1).
1437 419 1815 488 Pensionem
1834 423 1965 491 sive
1984 398 2294 490 canonem
2312 413 2619 496 solvendo
2638 449 2666 510 ‚⁷

541 536 956 628 emphyteuta
1016 535 1472 628 proprietatem
1532 536 1670 603 veri
1727 535 1972 603 domini
2003 563 2006 566 ·
2034 540 2323 631 agnoscit
2368 591 2386 621 ,
2459 566 2662 633 quem

540 650 694 717 inde
739 648 1077 717 dominum
1136 647 1453 716 directum
1492 653 1626 738 jam
1678 675 1716 716 a
1770 649 2203 720 Glossatorum
2261 655 2663 748 temporibus

543 763 851 857 appellari
902 776 1393 832 consueverunt.

634 876 858 948 Dividi
890 877 1096 945 solent
1135 876 1574 968 emphyteuses
1612 877 1682 943 in
1722 877 2162 946 ecclesiasticas
2190 890 2256 947 et
2295 880 2663 965 saeculares,

543 1005 737 1088 prout
778 994 849 1059 in
870 990 1087 1060 fundis
1126 979 1534 1090 ecclesiarum
1576 994 1963 1071 consistunt,
1993 991 2096 1061 vel
2144 998 2216 1060 in
2241 995 2375 1063 aliis
2423 1001 2559 1084 (2).

970 1149 999 1234 §
1046 1145 1129 1212 Π.
1180 1146 1355 1238 Quae
1405 1152 1542 1213 sint
1560 1152 1730 1242 jura
1775 1150 2245 1245 emphyteutae.

636 1313 786 1404 339.
808 1314 919 1380 Jus
943 1312 1079 1405 agri
1117 1310 1439 1402 vectigalis
1472 1312 1767 1380 latissime
1799 1327 2007 1405 patet,
2055 1328 2120 1383 et
2144 1321 2655 1392 extensissimum

546 1448 637 1501 est
655 1428 862 1526 ,quod
891 1433 961 1497 in
989 1455 1057 1496 re
1085 1430 1288 1496 aliena
1308 1431 1544 1498 habere
1570 1456 1920 1523 possumus.
1954 1434 2395 1530 Emphyteuta
2425 1443 2600 1509 enim
2628 1472 2647 1512 ε

636 1574 703 1614 α.
752 1544 989 1614 Fundo
1039 1543 1334 1635 vectigali
1369 1547 1465 1611 uti
1497 1559 1561 1613 et
1603 1547 1731 1613 frui
1776 1561 1981 1639 potest
2025 1574 2155 1617 non
2195 1556 2406 1621 minus
2442 1582 2652 1646 quam

544 1660 1046 1731 usufructuarius
1070 1710 1089 1740 ,
1159 1661 1358 1727 immo
1403 1658 1614 1726 latiori
1657 1674 1961 1753 potestate
2000 1691 2018 1746 3
2080 1664 2326 1734 fructus
2371 1668 2500 1737 sola
2542 1697 2652 1738 se-

544 1785 872 1876 paratione
916 1802 1059 1847 suos
1101 1777 1256 1846 facit
1304 1783 1325 1863 (
1355 1803 1418 1844 n.
1484 1777 1611 1861 242
1652 1785 1673 1862 )
1725 1780 1868 1863 (3).
1929 1781 2334 1850 Accessiones
2383 1798 2599 1851 tamen
2632 1838 2651 1866 ,

544 1922 694 1991 quae
739 1894 1064 1990 fruetuum
1105 1916 1376 1960 numero
1411 1916 1546 1958 non
1592 1906 1742 1960 sunt
1769 1945 1788 1975 ,
1829 1894 1911 1961 ad
1956 1920 2106 1961 eum
2145 1921 2278 1963 non
2321 1912 2611 1989 spectant
2627 1952 2646 1981 ,

544 2011 747 2080 veluti
795 2010 1124 2076 thesaurus
1165 2008 1246 2074 ab
1279 2019 1582 2074 extraneo
1633 2009 1704 2073 in
1743 2007 1946 2075 fundo
1996 2012 2294 2077 inventus
2336 2011 2416 2096 (4
2433 2019 2485 2102 ).

634 2125 709 2192 b.-
751 2125 851 2191 De
895 2121 1118 2216 praedii
1157 2121 1506 2188 substantia
1551 2120 1748 2188 libere
1794 2121 2126 2214 disponere
2174 2127 2235 2191 ei
2278 2125 2432 2193 licet'
2462 2128 2657 2197 sicuti

545 2238 808 2307 domino
831 2290 848 2319 ‚
907 2235 1260 2304 dummodo
1291 2222 1398 2302 ‘res
1445 2235 1594 2303 inde
1640 2235 1922 2303 deterior
1954 2262 2090 2305 non
2132 2238 2244 2306 fiat
2287 2241 2424 2324 (5).

632 2378 688 2422 c.
734 2353 1120 2423 servitutem
1158 2349 1400 2444 praedio
1426 2351 1753 2444 imponere
1776 2365 1989 2443 potest
2010 2405 2025 2434 ‚
2059 2351 2170 2422 vel
2216 2354 2652 2448 hypothecam

544 2471 614 2536 in
655 2494 732 2536 eo
785 2469 1164 2536 constituere
1191 2518 1207 2545 ‚
1251 2491 1370 2533 nec
1404 2491 1540 2533 non
1590 2467 1800 2558 ipsum
1843 2471 1942 2555 jus
1995 2469 2473 2561 emphyteuseos
2515 2483 2649 2537 tam

541 2586 713 2655 inter
756 2584 935 2652 vivos
984 2606 1179 2675 quam
1214 2582 1434 2647 mortis
1474 2605 1656 2648 causa
1700 2579 1973 2647 alienare
2024 2582 2160 2670 (6).
2221 2623 2259 2663 ·.

627 2852 736 2937 (1)
781 2853 942 2916 Nov.
975 2854 1057 2935 7'‚
1101 2872 1238 2934 cap.
1289 2854 1326 2914 3
1357 2851 1443 2936 ,§
1493 2874 1516 2914 1
1548 2900 1567 2930 ‚
1600 2853 1868 2933 23Nov.
1914 2876 2069 2932 120,
2119 2877 2170 2917 e.
2210 2877 2284 2934 1,-
2340 2842 2651 2921 Dissentit

541 2954 631 3021 Η.
677 2958 975 3025 Donellus
1021 2961 1088 3019 in
1116 2961 1573 3021 commentariis
1610 2962 1729 3043 jur.
1779 2962 1902 3023 civ.
1951 2961 2022 3022 L.
2065 2963 2205 3041 IX,
2256 2966 2537 3046 cap.·‚13.

625 3069 747 3145 (2)
789 3066 1210 3149 Westenberg
1237 3113 1254 3142 ,
1297 3065 1363 3127 h.
1405 3079 1454 3127 t.
1486 3114 1505 3145 ,
1550 3067 1582 3150 §
1623 3089 1687 3152 9.

626 3176 739 3256 (3)
770 3166 853 3233 ⁴L.
894 3173 972 3235 25
999 3220 1016 3249 ,
1065 3173 1092 3256 §
1150 3196 1170 3234 1
1205 3220 1222 3249 ,
1257 3174 1337 3234 D.
1381 3194 1502 3249 22,
1565 3196 1588 3236 1
1642 3175 1778 3261 (de
1817 3178 2023 3238 usuris
2073 3187 2138 3239 et
2179 3178 2436 3240 fructib.
2463 3180 2525 3259 ).

625 3279 744 3363 (4)
790 3281 942 3364 Arg.
999 3280 1027 3363 §
1070 3281 1149 3363 39
1194 3282 1243 3341 Ι.
1293 3301 1372 3355 2,
1428 3302 1451 3342 1
1505 3281 1641 3363 (de
1681 3304 1800 3345 rer.
1856 3282 2045 3345 divis.
2081 3288 2161 3364 -);
2205 3284 2250 3345 l.
2295 3309 2329 3371 7
2368 3285 2645 3368 ,§12‚

540 3390 624 3461 D.
670 3385 786 3466 24,
832 3390 871 3449 3
900 3386 1150 3466 (soluto
1179 3388 1631 3469 matrimonio)
1659 3410 1679 3468 ς
1709 3389 2162 3474 Westenherg‚
2205 3390 2273 3451 h.
2305 3403 2353 3454 t.
2387 3439 2408 3468 ‚
2448 3392 2479 3476 §
2533 3391 2608 3454 15
2630 3413 2652 3471 ς

545 3496 811 3556 Πίὂαυε
839 3540 858 3568 ,
910 3491 954 3553 1.
1005 3515 1059 3554 c.

624 3603 736 3683 (5)
778 3602 925 3683 Arg.
975 3601 1134 3664 Nov.
1177 3623 1258 3684 7,
1311 3623 1369 3662 c.
1414 3603 1453 3663 3
1486 3650 1503 3678 ‚
1552 3601 1584 3684 §
1625 3623 1686 3665 2.

625 3710 736 3792 (6)
778 3710 848 3769 L.
902 3707 1026 3785 16,
1079 3708 1108 3792 ᾗ
1161 3730 1248 3793 2,
1297 3709 1373 3768 D.
1423 3710 1545 3785 13,
1591 3731 1625 3792 7
1672 3708 1800 3785 (de
1836 3711 2148 3792 pignerat.
2196 3714 2428 3791 act.);
2487 3709 2534 3773 l.
2574 3713 2672 3787 31³

540 3822 618 3881 D.
672 3840 750 3880 20
782 3866 800 3896 ‚
866 3839 888 3881 1
952 3815 1094 3897 (de
1132 3817 1303 3898 pign-
1352 3825 1419 3876 et
1470 3814 1818 3899 hypoth.).
1862 3819 2073 3880 Onera
2119 3820 2199 3880 ab
2244 3821 2655 3905 emphyteuta

541 3932 632 3991 rei
677 3928 967 4009 imposita
1037 3916 1434 4008 emphhteusi
1477 3929 1746 3988 extincta
1788 3939 2219 4007 evanescunt3
2283 3928 2342 4013 §
2367 3930 2422 3990 3
2451 3930 2605 3990 lust.
2632 3975 2652 4007 ,

541 4034 611 4101 h.
662 4046 708 4097 t.
761 4028 1144 4119 <3„24)5
1188 4029 1233 4094 l.
1276 4054 1410 4120 71,
1466 4033 1608 4117 §6,
1660 4036 1740 4096 D.
1788 4036 1915 4118 30,
1961 4038 2064 4096 tit.
2111 4038 2270 4109 cit„
2384 4070 2388 4073 ·
