2893 4778
934 347 1147 393 mmm
1199 347 1286 392 11.
1336 360 1430 424 ——ft
1488 346 1781 418 Cfl’un·
2244 325 2389 426 457

272 468 665 539 immittendi
699 468 799 539 vel
835 468 1161 537 avertendi
1210 468 1448 534 dicitur
1495 476 1515 555 (
1550 476 1616 554 1)
1661 524 1677 551 ‚
1722 483 1817 537 est
1858 477 1952 560 jus
1993 497 2121 565 quo
2154 476 2401 541 vicinus

272 600 528 654 tenetur
558 586 842 677 recipere
883 583 1280 651 stillicidium
1325 588 1723 653 nostrum‘in
1764 599 2009 664 tectum
2050 586 2150 655 vel
2188 614 2400 656 aream

273 729 455 770 suam
506 706 623 788 (2)
663 724 682 782 3
728 700 1011 765 fluminis
1047 725 1200 768 vero
1235 701 1588 793 recipiendi
1640 706 1909 770 servitus
1942 707 2050 791 *jus
2089 717 2216 782 est,
2269 731 2401 796 quo

272 820 515 884 flumen
557 809 848 881 derivate
897 813 1125 907 aliquis
1169 816 1363 907 possit
1408 818 1480 881 in
1515 816 1790 884 fundum
1833 819 2141 886 vicinum.
2188 819 2419 885 Stilli-'

274 931 518 998 cidium
562 956 598 996 a
645 929 908 995 ssuniine
964 954 1041 995 eo
1094 928 1305 996 differt
1338 982 1355 1010 ‚
1410 930 1592 1021 quod
1654 931 1766 998 illo
1824 958 1988 1023 aqua
2041 931 2259 1024 pluvia
2320 958 2402 998 ex

275 1060 446 1113 tecto
483 1044 774 1112 stillatim
828 1043 997 1112 cadit
1039 1045 1196 1131 (3),
1242 1045 1486 1111 flumen
1535 1071 1685 1114 vero
1726 1061 1991 1114 vocatur
2027 1045 2200 1139 quod
2239 1073 2428 1113 con-·

276 1165 460 1228 tinuo
509 1157 688 1240 fluit,
736 1173 953 1253 estque
1002 1162 1111 1230 hic
1167 1187 1330 1254 aqua
1385 1188 1502 1254 per
1543 1162 1732 1229 tubos
1778 1162 1879 1232 vel
1919 1162 2179 1254 canales*
2204 1165 2405 1238 instar

272 1277 559 1342 fluminis
607 1274 891 1354 demissa.
932 1275 1221 1343 Servitus
1268 1275 1573 1343 stillicidii
1604 1276 1706 1346 vel
1735 1277 2025 1356 fluminis
2055 1303 2187 1344 non
2228 1279 2403 1343 reci-

275 1390 497 1483 piendi
539 1392 606 1455 in
662 1413 739 1457 eo
793 1394 1124 1471 consistit,
1194 1405 1266 1458 ut
1325 1394 1466 1484 quis
1526 1391 1606 1457 ab
1666 1418 1859 1459 onere
1900 1392 2009 1459 illa
2049 1392 2405 1484 recipiendi

277 1529 679 1597 quacumque
717 1529 798 1569 ex
845 1530 1027 1571 causa
1081 1508 1420 1600 imposito,
1468 1506 1776 1574 liberetur
1828 1506 1965 1592 (4).

374 1646 529 1713 299.
578 1622 873 1713 Denique
918 1622 1306 1714 praediorum
1347 1625 1739 1691 urbanorum
1792 1637 1942 1690 sunt
1981 1625 2252 1692 servitus
2293 1622 2403 1690 fo-

279 1740 543 1805 raminis
596 1740 666 1802 in
722 1739 856 1806 imo
910 1742 1152 1830 pariete
1202 1739 1518 1807 conclavis
1559 1739 1659 1809 vel
1706 1740 1969 1808 triclivii
1997 1793 2014 1820 ‚
2064 1739 2404 1833 proluendi

280 1855 632 1946 pavimcqti
683 1877 904 1931 causa,
942 1855 992 1918 si
1038 1853 1231 1920 modo
1282 1856 1350 1918 in
1386 1879 1538 1920 eum
1586 1849 1805 1921 locum
1842 1855 2088 1946 aliquid
2122 1880 2204 1919 ex
2247 1854 2406 1920 coelo

282 1992 465 2060 aquae
506 1969 721 2032 veniat
767 1967 921 2052 (5);
965 1968 1227 2048 cloacae,
1270 1994 1399 2059 qua
1436 1970 1688 2037 vicinus
1721 1968 1934 2036 sordes
1965 1983 2029 2034 et
2065 1966 2405 2035 colluviem

281 2096 645 2149 nostrarum
716 2082 948 2149 aedium
1019 2082 1300 2175 recipere
1369 2086 1626 2175 cogitur
1690 2085 1859 2167 (6)·‚
1924 2082 2086 2151 fumi
2149 2085 2404 2149 immit-

282 2197 462 2263 tendi
516 2205 669 2288 (7),
710 2222 941 2287 aquam
982 2197 1349 2263 effundendi
1399 2197 1501 2264 vel
1551 2196 1727 2263 aliud
1780 2197 1937 2289 quid
1994 2196 2291 2288 mitteudi
2338 2200 2406 2262 in

281 2308 599 2401 praedium
660 2311 913 2392 vicini3
970 2312 1248 2402 positum
1310 2309 1560 2402 aliquid
1626 2312 1695 2374 in
1754 2333 1831 2375 eo
1888 2305 2169 2373 habendi
2229 2309 2400 2393 (8),

281 2423 641 2516 similesque
680 2476 698 2506 ,
768 2448 910 2517 quae
963 2451 1042 2491 cx
1096 2427 1241 2516 ipsis
1296 2426 1504 2494 veihis
1568 2450 1704 2492 non
1764 2421 2101 2491 difficulter
2159 2406 2406 2488 intelli-

286 2551 551 2633 guntur,-

161 3010 162 3017 ,
277 2998 292 3021 2
375 2958 481 3037 (1)
523 2957 595 3018 L.
646 2979 725 3033 2,
770 2960 849 3019 D.
892 2957 958 3035 h.
1007 2970 1056 3021 t.

370 3086 478 3168 (2)
527 3089 592 3148 L.
640 3108 717 3165 2,
759 3062 838 3150 D.
885 3088 950 3155 h.
999 3100 1047 3150 t.

372 3221 481 3299 (3)
525 3220 593 3281 L.
649 3242 762 3305 17,
828 3220 987 3303 §3,
1037 3220 1080 3282 l.
1131 3243 1209 3282 20
1262 3221 1292 3304 ᾗ
1349 3223 1423 3297 3,
1473 3221 1557 3300 4,
1607 3223 1688 3281 D.
1748 3220 1814 3280 h.
1870 3230 1979 3299 t.·,
2038 3218 2294 3296 Varro.
2333 3220 2412 3280 de

285 3324 502 3409 lingua
542 3327 694 3406 lat„
737 3327 850 3388 lib.
895 3327 975 3406 4,
1019 3351 1083 3410 p.
1127 3328 1245 3408 183
1282 3329 1573 3411 Theoph.
1612 3329 1692 3388 ad
1730 3328 1760 3411 ᾖ
1807 3349 1829 3388 1
1864 3329 1972 3421 ’.I’
2028 3347 2108 3404 2,
2150 3330 2211 3388 3.

373 3457 480 3539 (4)
524 3458 814 3542 Theoph
858 3460 1239 3543 ad§1,1.
1288 3460 1650 3538 2‚3‚cit.

372 3590 599 3672 (5)1..
651 3590 770 3667 28,
815 3593 893 3652 D.
942 3591 1009 3657 h,
1058 3603 1107 3653 t.

373 3723 477 3802 (6)
521 3725 589 3784 L.
636 3747 709 3807 7,
751 3727 829 3786 D.
870 3725 951 3803 8,
993 3748 1014 3786 1
1052 3773 1076 3803 ,
1121 3726 1245 3805 (de
1290 3729 1506 3789 servit.
1530 3725 1691 3808 )·‚l.
1741 3748 1762 3786 1
1796 3721 1990 3808 ‚·‚§4
2017 3724 2097 3785 D.
2130 3723 2249 3802 43,
2278 3722 2400 3800 23,

288 3832 444 3909 (de
457 3830 753 3908 cloacis).

372 3965 477 4048 (7)
520 3964 588 4023 L.
638 3963 719 4040 8,
764 3967 842 4026 D.
887 3964 969 4042 8,
1017 3964 1106 4043 5,
1144 3966 1246 4048 (si
1289 3968 1559 4031 servitus
1601 3965 1848 4043 vind.).

372 4100 480 4183 (8)
521 4102 589 4162 L.
641 4122 749 4187 17,
795 4103 822 4186 §
876 4126 951 4181 1,
994 4105 1072 4165 D.
1121 4105 1255 4166 eod.
