2893 4778
523 253 665 340 230
843 276 1355 329 comunnmnn
1406 279 1607 329 smus
1657 280 1941 333 nomm
1991 284 2307 332 rtuva‘n.

516 399 906 493 procedendi
949 425 1175 467 norma
1230 424 1367 469 non
1423 401 1792 471 observatur
1821 453 1839 482 ,
1899 402 2182 497 aliquam
2234 407 2369 474 vim
2403 407 2640 476 habeat

479 557 494 582 .
518 532 711 611 atque
749 518 1042 585 effectum
1072 568 1088 596 ‚
1132 518 1299 585 inter
1342 532 1629 585 auctores
1669 544 1801 586 non
1843 523 2144 588 convenit
2183 527 2320 607 (1).

610 632 782 726 Cum
831 656 986 699 vero
1039 635 1136 720 jus
1188 631 1377 698 semel
1432 632 1756 701 sublatum
1811 634 1946 701 sine
1999 659 2164 704 nova
2214 635 2639 727 acquisitione

516 773 651 817 non
688 750 1061 822 restituatur
1084 800 1101 827 ‚
1141 747 1282 813 haec
1335 769 1586 841 semper
1625 751 1796 816 inter
1836 760 2174 842 utramque
2232 753 2477 838 jurium
2514 777 2637 823 ex-

516 862 1055 958 tinctionem-erit
1110 860 1472 928 differentia
1500 914 1517 944 ‚
1569 874 1641 929 ut
1696 864 2068 954 exceptione
2100 915 2117 943 ‚
2180 890 2311 956 qua
2349 868 2641 960 oppcsita

517 981 616 1067 jus
679 974 1000 1042 sublatum
1038 974 1291 1053 fuisset,
1348 975 1448 1041 oh
1470 1000 1923 1070 quancumque
1968 980 2281 1045 rationem
2320 993 2640 1059 cessante,
2650 1005 2651 1012 ¹

519 1088 679 1171 illud
723 1091 1047 1178 integuum
1080 1112 1329 1179 semper
1359 1102 1808 1158 conservatum
1833 1090 2022 1157 fuisse
2051 1090 2184 1158 dici
2220 1092 2448 1160 debeat
2479 1098 2634 1180 (2)·
2616 1144 2636 1179 ‚

520 1218 594 1274 ut
645 1229 726 1272 ne
757 1204 1155 1270 restitutione
1213 1206 1347 1289 ejus
1403 1190 1667 1294 quidem
1711 1228 1870 1295 opus
1920 1207 2017 1272 sit.

854 1340 883 1424 ς
928 1337 1044 1404 IV.
1088 1335 1204 1401 De
1250 1339 1463 1402 varicis·
1487 1339 1743 1428 jurium
1786 1338 2334 1410 distinctionibus·

541 1509 548 1519 ’
612 1480 721 1570 87.
763 1476 965 1543 Vario
990 1472 1185 1542 modo
1217 1478 1357 1560 jura
1389 1473 1701 1566 distingui
1743 1478 1913 1542 inter
1947 1499 2011 1541 se
2048 1475 2254 1543 solent
2275 1528 2292 1555 ,
2330 1490 2441 1544 aut
2465 1478 2640 1548 enim

522 1597 855 1691 praesentia
894 1606 1085 1671 sunt,
1137 1606 1248 1660 aut
1285 1591 1504 1659 futura
1534 1644 1550 1673 ‚
1605 1592 1877 1661 dividua
1911 1607 2021 1660 aut
2058 1593 2397 1662 individua
2432 1647 2450 1674 ‚
2499 1601 2641 1682 jura

524 1709 774 1803 singula
799 1721 909 1775 aut
939 1707 1180 1792 jurium
1214 1708 1653 1775 universitates
1670 1760 1687 1788 ,
1718 1712 1859 1796 jura
1883 1733 2024 1799 quae
2049 1710 2118 1775 in
2143 1708 2295 1775 alios
2313 1723 2644 1778 trzmseunt
2764 1793 2777 1800 ,

523 1827 627 1897 vel
675 1851 810 1894 non
859 1834 1220 1903 transeunt,
1260 1837 1326 1890 et
1369 1822 1758 1917 privilegia3
1809 1823 2085 1917 denique
2130 1826 2350 1894 omnia
2387 1831 2527 1912 jura
2571 1829 2642 1893 in

477 1978 496 1982 ·
528 1943 659 2010 duo
698 1965 927 2034 genera
968 1952 1033 2004 et
1080 1949 1355 2030 quatuor
1389 1940 1622 2030 species
1658 1937 2095 2021 deducuntur,
2136 1940 2216 2007 de
2261 1942 2494 2035 quihus
2532 1942 2640 2008 di·-

525 2056 873 2126 visionibus
916 2051 1291 2144 singillatim
1325 2051 1791 2145 dispiciendum
1835 2066 1952 2119 est.

589 2173 732 2252 ,88.
778 2169 1099 2235 Futurum
1138 2171 1235 2254 jus
1286 2164 1426 2251 (3),
1460 2167 1848 2260 appellamus
1872 2220 1887 2245 ‚
1925 2166 2097 2259 quod
2136 2192 2389 2260 sperare
2441 2174 2644 2236 certi-

526 2285 750 2354 tudine
788 2276 1064 2375 qu'adam
1096 2304 1428 2375 possumus
1452 2333 1471 2361 ‚
1505 2286 1686 2371 cujus
1712 2281 1992 2375 perfecta
2021 2306 2173 2349 vero
2204 2285 2539 2375 acquisitio
2562 2286 2642 2350 ab

532 2402 745 2494 aliqua
783 2397 1151 2467 conditione
1183 2396 1419 2490 pendet
1440 2450 1458 2478 ,
1503 2421 1631 2489 qua
1658 2396 1991 2464 deficiente
2010 2450 2026 2476 ‚
2062 2412 2352 2465 nostrum
2379 2424 2510 2465 non
2541 2400 2637 2467 fit.

618 2517 900 2582 Praesens
939 2536 1092 2582 vero
1132 2510 1293 2577 illud
1330 2524 1423 2577 est
1446 2565 1465 2591 ‚
1518 2511 1695 2603 quod
1729 2525 2021 2579 nostrum
2059 2516 2184 2600 jam
2227 2527 2320 2579 est
2362 2514 2644 2595 sactum,

531 2630 776 2701 etiamsi
807 2626 1067 2696 fortasse
1096 2622 1258 2694 illud
1288 2624 1579 2692 nondum
1614 2649 1905 2691 exercere
1924 2651 2265 2718 possumus,
2307 2628 2642 2717 Ejusmodi

531 2753 628 2838 jus
662 2746 1040 2811 recentiores
1066 2738 1412 2833 aliquando
1449 2740 1786 2807 dormiens
1830 2740 2170 2833 appellant.
2222 2743 2299 2808 In
2332 2745 2643 2810 securita-

531 2874 663 2928 tem
700 2856 899 2923 futuri
935 2854 1091 2943 juris
1131 2876 1267 2919 non
1307 2876 1456 2919 raro
1487 2855 1805 2920 cautiones
1843 2854 1923 2919 ab
1944 2852 2068 2920 illis
2103 2855 2417 2947 postulme
2445 2856 2596 2924 licet
2611 2903 2639 2936 ,

532 2976 644 3067 qui
675 2971 857 3038 nobis
883 2962 1128 3036 obesse
1128 2980 1390 3059 possunt
1422 2971 1444 3052 (
1461 2966 1556 3050 4).

621 3156 671 3228 (1
683 3145 704 3228 )
729 3144 902 3202 Hanc
924 3138 1571 3221 distinctionemjure
1551 3140 1930 3218 justinianeo
1948 3137 2181 3201 nullius
2199 3145 2492 3202 momenti
2514 3163 2646 3203 esse

536 3246 1223 3340 praetenduntstibaut,
1239 3248 1400 3325 Syst.
1386 3291 1431 3323 .‚
1462 3245 1491 3328 ᾖ
1503 3232 1660 3307 203
1645 3267 1710 3306 m
1728 3246 1873 3322 fine,
1885 3245 1994 3308 Du
2010 3249 2314 3324 Caurmr,
2331 3247 2376 3308 1.
2390 3269 2443 3307 c.
2467 3271 2505 3331 p
2544 3246 2638 3325 14.

620 3359 730 3442 (2)
773 3359 864 3417 lta
888 3373 1020 3414 von
1060 3353 1264 3412 Βοῶν
1300 3350 1346 3412 l.
1380 3372 1437 3412 e.
1475 3354 1648 3433 cujus
1686 3354 2049 3435 opinionem
2087 3353 2471 3416 verissimam
2516 3374 2642 3435 pu·-

534 3466 736 3532 tamus
760 3513 776 3539 ‚
810 3473 875 3524 et
904 3481 1034 3521 von
1076 3459 1392 3539 Wemng,
1417 3459 1767 3535 Lehrbuch,
1812 3459 1840 3542 §
1881 3479 1961 3543 29
1990 3507 2008 3535 ,
2052 3482 2116 3519 n.
2161 3481 2224 3542 9.
2374 3530 2381 3533 ,

548 3577 735 3661 .(3)
777 3571 1108 3653 Sequimur
1131 3587 1262 3627 von
1308 3564 1634 3646 Wening,
1683 3566 1725 3626 l.
1773 3588 1828 3628 c.
1863 3566 1891 3650 ἦ
1926 3568 2024 3627 30.
2062 3567 2305 3627 Laudat
2331 3565 2642 3629 Boehmeri

532 3672 1006 3749 exercitationes
1056 3674 1136 3735 ad
1194 3672 1539 3734 Pandectas
1567 3720 1587 3752 ‚
1642 3672 1721 3735 T.
1762 3673 1822 3733 V
1845 3696 1967 3757 p.
2024 3672 2165 3753 143-
2139 3695 2299 3735 -210
2322 3674 2509 3757 (diss.
2566 3674 2645 3735 de

537 3798 670 3876 jure
710 3780 979 3866 futuro).

622 3893 732 3978 (4)
777 3893 845 3951 L
882 3911 956 3965 2,
991 3911 1064 3972 7,
1107 3908 1202 3970 pr.
1241 3888 1321 3948 D.
1367 3887 1480 3968 39,
1521 3906 1581 3947 2.
1637 3884 1766 3963 (de
1801 3886 2028 3947 damno
2068 3887 2396 3965 infecto)·‚
2430 3883 2477 3945 l.
2531 3886 2639 3959 13,

543 4003 691 4087 §5‚
745 4001 823 4059 D.
871 4016 987 4072 20,
1054 4017 1076 4055 1
1126 3994 1256 4077 (de
1308 3996 1555 4077 pignor.
1606 3979 2082 4076 et·fiysspoth·);
2124 3991 2168 4053 l.
2216 3991 2329 4067 18,
2381 3993 2462 4052 D.
2518 4013 2639 4076 1‚7

539 4110 647 4192 (de
690 4103 1095 4187 adoption.);
1135 4099 1182 4163 l.
1226 4100 1304 4180 6,
1346 4121 1444 4185 pr.
1488 4098 1568 4161 D.
1604 4098 1682 4179 42
1708 4146 1726 4177 ‚
1772 4099 1811 4179 4
1855 4098 1972 4179 (de
2005 4102 2072 4162 in
2110 4120 2276 4183 poss.
2311 4099 2477 4160 mitt.
2498 4098 2557 4177 ).
