2893 4778
933 329 1461 381 m‘rnouuc‘no.
1799 360 1806 371 .
2176 311 2276 413 [49

176 456 709 550 interpretationis
734 453 940 546 gratia
953 504 970 532 ‚
1016 466 1128 520 aut
1164 467 1429 546 propter
1467 446 1836 523 contextum
1865 508 1881 536 ‚
1950 457 2148 525 multa
2197 487 2277 533 ex

173 574 354 641 veteri
402 575 548 660 jure
576 570 669 635 ibi
699 571 949 660 posuit3
1004 582 1141 635 tum
1182 582 1248 634 et
1284 581 1551 660 propter
1578 569 1922 661 pendentes
1964 572 2172 640 adhuc
2209 577 2279 641 in

172 685 595 755 tribunalibus
634 707 849 749 causas
885 708 903 746 ε
938 683 1271 748 innumera
1321 682 1612 774 exempla
1651 681 1722 749 id
1768 686 1948 751 nobis
1986 688 2277 778 probant.

174 808 255 872 Ita
297 803 611 893 usucapio
657 811 724 866 et
769 800 1163 890 praescriptio
1211 802 1298 878 inv
1325 824 1529 865 unum
1587 799 1861 866 confusae
1901 827 2016 893 per
2063 803 2113 868 l.
2161 830 2278 872 un.

181 919 245 985 C.
267 919 351 985 de
375 922 641 1007 usucap.
671 913 893 981 transf.
924 919 943 998 (
964 922 1030 1004 7⁴.
1052 916 1090 981 3
1107 938 1129 978 1
1147 918 1207 998 .')
1235 966 1252 994 ‚
1277 916 1348 980 in
1375 915 1649 1006 Digestis
1668 913 2084 983 nihilominus
2096 943 2281 1011 sepa-

182 1034 361 1099 ratim
376 1042 784 1108 tractantur,
813 1040 879 1093 et
904 1025 1162 1093 collatio
1190 1029 1259 1093 in
1288 1027 1529 1094 Codice
1550 1041 1792 1094 mutata
1809 1081 1824 1108 ‚
1854 1031 1923 1094 in
1963 1031 2236 1123 Digestis
2262 1087 2277 1114 ‚

185 1146 378 1238 qualis
404 1159 600 1210 antea
629 1143 876 1222 fuerat,
905 1147 1277 1235 exponitur.
1309 1142 1389 1210 In
1419 1141 1635 1210 multis
1656 1142 1791 1208 aliis
1820 1146 1976 1233 juris
2009 1149 2287 1213 materiis

189 1260 350 1327 idem
394 1258 690 1327 videmus
734 1262 873 1340 (1).

270 1375 366 1458 4⁰.
392 1372 645 1439 Eadem
674 1369 892 1463 regula
916 1367 1302 1438 observanda
1325 1371 1508 1437 nobis
1532 1393 1659 1436 esse
1687 1369 1940 1440 videtur
1957 1422 1973 1453 ,
2008 1375 2062 1438 si
2082 1371 2295 1441 diver·

197 1514 268 1555 8ae
294 1491 361 1554 in
387 1486 635 1554 Codice
671 1487 1147 1551 constitutiones
1193 1487 1524 1551 contrariae
1548 1487 1716 1551 inter
1747 1511 1809 1551 se
1837 1488 2286 1554 inveniuntur:

202 1602 478 1694 quamvis
507 1624 731 1693 parem
760 1599 1056 1665 omnibus
1084 1600 1470 1664 Justinianus
1512 1598 1756 1666 dederit
1797 1604 2238 1691 auctoritatem
2271 1656 2288 1680 ‚

201 1717 396 1809 plures
419 1717 602 1781 enim
621 1765 638 1795 ‚
667 1714 926 1805 vigente
943 1715 1141 1780 veteri
1166 1711 1659 1805 jurisprudentia
1681 1715 1927 1805 scriptae
1940 1760 1966 1795 ,
1986 1731 2300 1810 praecepta

205 1833 531 1897 continent
580 1839 795 1919 postea
844 1819 1110 1907 mutata.
1166 1824 1279 1892 Nil
1320 1851 1474 1895 vero
1526 1827 1870 1893 naturalius
1919 1842 2011 1894 est
2042 1881 2059 1909 ,
2102 1836 2296 1922 ‘quam

206 1948 610 2036 posteriorem
645 1942 1161 2006 constitutionem
1197 1942 1397 2032 priori
1450 1939 1752 2032 derogare
1787 1948 1806 2024 (
1820 1955 1856 2007 2
1873 1949 1922 2025 ).

170 2079 176 2085 ·
289 2060 385 2126 5⁰.
418 2062 600 2125 Loca
651 2059 721 2122 in
761 2056 1036 2147 Digestis
1091 2059 1258 2158 inter
1301 2083 1364 2123 se
1418 2038 1778 2142 contraria,³
1840 2059 2013 2125 hisce
2055 2058 2292 2152 regulis

214 2176 497 2267 componi
545 2196 723 2264 posse
769 2170 1113 2238 videntur:

292 2313 350 2352 a.
393 2289 467 2355 Si
535 2286 918 2379 quibusdam
967 2290 1038 2351 in
1092 2286 1462 2380 fragmentis
1516 2289 1843 2352 sententiae
1874 2298 2221 2354 occurrunt
2262 2313 2302 2354 a

217 2403 251 2467 J
255 2406 563 2470 ustiniano
587 2406 654 2466 in
670 2401 1180 2468 Institutionibus
1200 2382 1300 2470 vel
1333 2404 1402 2466 in
1440 2400 1679 2467 Codice
1706 2414 1965 2469 mutatae
1983 2452 2000 2482 ‚
2039 2402 2193 2470 dum
2227 2406 2296 2468 in

218 2517 339 2582 aliis
352 2543 452 2583 eae
486 2519 902 2584 inveniuntur
920 2567 936 2595 ,
979 2541 1132 2607 quas
1153 2516 1564 2607 approbavit,
1592 2513 1729 2582 loca
1759 2517 1872 2583 has
1909 2519 2299 2584 continentia

216 2629 325 2696 iltis
359 2629 805 2723 anteponenda
848 2641 996 2695 sunt
1046 2629 1178 2713 (3).
1762 2628 1768 2634 ’

291 2735 350 2813 b.
396 2749 469 2815 Si
506 2758 580 2813 in
606 2748 819 2839 aliquo
843 2747 982 2814 loco
1000 2746 1326 2834 cujusdam
1350 2736 1768 2833 jurisconsulti
1799 2751 2015 2840 opinio
2041 2775 2303 2842 expres-

213 2862 321 2926 sim
343 2862 750 2953 improbatur
766 2886 838 2927 ac
853 2862 1219 2951 corrigitur,
1232 2849 1385 2925 dum
1407 2862 1473 2924 in
1494 2861 1626 2926 aliis
1644 2861 2013 2952 fragmentis
2027 2888 2102 2928 ea
2121 2889 2306 2954 repe-,s

212 2979 317 3041 tila
336 2978 682 3055 invenitur,
694 2974 798 3041 ille
814 2974 984 3041 locus
1000 2974 1172 3039 hisce
1193 2973 1497 3066 derogare
1513 2974 1715 3041 debet.
1727 2978 1764 3040 J
1769 2978 2117 3043 ustinianu's
2130 2980 2302 3043 e‘nim

213 3092 335 3182 ipse
364 3094 753 3159 contrariam
788 3091 1155 3183 opinionem
1179 3092 1539 3182 reprobasse
1568 3081 2018 3183 intelligendus
2048 3099 2139 3157 est
2173 3091 2304 3177 (4).

293 3369 396 3446 (1)
441 3367 773 3449 Sequimur
823 3366 1188 3426 sententiam
1245 3360 1638 3425 subtilissimi
1681 3368 1816 3445 ·jur.
1887 3385 2071 3425 rom..
2106 3364 2312 3423 inter-

216 3476 401 3554 pretis
437 3495 562 3534 von
602 3493 795 3534 Louna
825 3518 843 3548 ‚
897 3493 1084 3555 supra
1131 3469 1299 3533 laud.
1348 3469 1378 3551 ᾗ
1434 3466 1576 3531 5-8.

295 3605 402 3686 (α)
447 3604 650 3665 Loehr
672 3652 690 3681 ,
747 3604 778 3687 §
823 3627 882 3688 7.

300 3709 409 3821 (3)
452 3739 610 3799 Loca
638 3738 972 3806 anterioris
1001 3737 1154 3817 juris
1190 3735 1268 3795 de
1297 3717 1760 3816 specificatione
1778 3733 1863 3793 ita
1890 3741 2308 3808 removentur.

304 3869 519 3954 (4)·.L
557 3869 641 3932 60
699 3878 765 3929 et
810 3866 884 3928 61
928 3868 1008 3927 D.
1060 3887 1161 3948 17.
1198 3887 1255 3925 α.
1301 3866 1455 3948 (pro
1493 3862 1696 3944 socio)
1729 3885 1752 3924 ε.
1791 3866 1877 3923 ita
1921 3867 2315 3946 componitur

228 3970 270 4033 l.
315 3998 335 4036 1
380 3979 460 4038 D.
514 3979 599 4055 3,
656 3974 734 4052 5,
784 3974 901 4053 (de
938 3995 1077 4056 neg¹
1120 3975 1329 4055 gest.)
1394 3992 1535 4032 cum
1582 3968 1630 4028 1.
1685 3970 1807 4045 23,
1869 3967 1964 4050 §1
2000 4014 2020 4044 ,
2066 3971 2146 4058 D.
2205 3972 2316 4031 eit·

238 4100 326 4164 ,7.
366 4104 420 4146 ,.
1937 4155 1987 4242 4
