2893 4778
568 286 722 368 228
893 275 1404 365 contueamur
1448 314 1650 366 smus
1699 316 1984 368 nomm
2033 318 2355 369 runa-1.

562 450 798 508 vatur:
834 440 1155 507 neminem
1184 436 1325 531 plus
1340 439 1502 526 -juris
1532 440 1604 507 in
1630 438 1830 510 alium
1861 443 2195 512 transferre
2230 468 2408 538 posse
2426 497 2443 529 ‚
2482 467 2680 540 quam

567 552 700 646 ipse
733 551 966 619 habeat
1011 555 1153 636 (1).

655 662 1095 759 Singularium
1144 677 1212 732 et
1272 647 1729 735 universalium
1790 671 2289 762 acquisitionum
2353 671 2679 744 distinctio

562 781 817 848 nonnisi
850 777 937 846 ad
967 777 1262 871 quaedam
1296 784 1439 868 jura
1469 781 1749 871 pertinet
1786 787 1931 869 (2).
1979 784 2185 852 Tituli
2218 810 2370 854 vero
2402 800 2468 854 et
2493 790 2677 857 modi

562 891 935 986 acquirendi
968 895 1281 986 separatio
1310 896 1448 987 juri
1481 919 1747 964 romano
1782 895 1973 991 plane
2013 897 2221 967 aliena
2256 914 2351 967 est
2397 902 2528 987 (3).

739 1110 772 1196 §
816 1106 936 1175 111.
987 1103 1339 1198 Quomodo
1363 1110 1528 1198 jum
1568 1103 1883 1174 tolluntur
1921 1106 2046 1174 vel
2083 1111 2494 1179 amittuntur.

652 1316 767 1389 85.
814 1320 856 1386 J
856 1342 972 1387 ura
1020 1314 1214 1386 semel
1264 1317 1576 1411 acquisita
1620 1330 1836 1387 nostra
1890 1343 2018 1388 esse
2074 1333 2356 1414 pergunt
2385 1371 2404 1403 ,
2470 1320 2679 1392 donec

562 1432 773 1526 aliqua
818 1428 1004 1499 causa
1046 1433 1389 1501 intervenit
1418 1484 1436 1513 ‚
1481 1458 1610 1525 qua
1649 1433 1831 1501 nobis
1864 1431 2245 1502 auferuntur
2263 1473 2295 1514 ,·
2328 1435 2457 1506 sive
2495 1435 2676 1528 quod

558 1548 749 1642 plane
796 1539 1312 1640 extinguuntur,
1361 1549 1490 1615 sive
1538 1549 1610 1614 in
1660 1546 1858 1615 alium
1923 1547 2451 1642 transferuntur3
2500 1548 2676 1618 unde

561 1666 676 1756 qui
711 1668 806 1750 jus
847 1675 1137 1731 nostrum
1176 1685 1293 1730 nos
1335 1665 1607 1731 amisisse
1651 1662 2030 1757 praetendit,
2062 1663 2250 1734 hoc
2231 1690 2363 1760 1pse
2398 1667 2677 1759 probare

560 1775 754 1844 debet
802 1775 950 1863 (4).

651 1889 877 1962 Causae
927 1914 1079 1966 vero
1110 1941 1128 1972 ,
1178 1903 1441 1984 propter
1488 1914 1646 1983 quas
1696 1895 1836 1980 jura
1890 1893 2272 1962 amittuntur
2319 1907 2469 1962 sunt
2504 1923 2522 1961 ε
2574 1896 2672 1963 rei

559 2009 664 2080 vel
700 2032 983 2104 personae
1018 2059 1036 2092 ,
1074 2032 1232 2101 quas
1277 2021 1568 2099 spectant
1598 2058 1617 2090 ,
1685 2010 1979 2076 interitus
2019 2061 2036 2089 ‚
2082 2022 2331 2102 tempus
2368 2060 2387 2090 ,
2442 2011 2679 2078 abusus

558 2124 663 2195 vel
705 2150 837 2192 non
875 2147 1023 2192 usus
1067 2128 1201 2211 ejus
1243 2123 1395 2209 juris
1429 2174 1446 2202 ‚
1496 2123 1889 2190 renuntiatio
1925 2122 2027 2192 vel
2071 2122 2400 2190 derelictio
2439 2124 2607 2191 illius
2645 2152 2672 2211 3

558 2239 835 2334 denique
878 2239 1025 2307 finis
1081 2239 1444 2332 capacitatis
1504 2237 1586 2305 ad
1648 2236 1807 2305 illud
1855 2237 2222 2306 habendum
2276 2241 2668 2307 necessariae.

447 2357 452 2368 ‘
560 2360 668 2431 Ad
711 2358 914 2428 alium
950 2363 1092 2450 jura
1131 2372 1345 2433 nostra
1389 2383 1427 2427 e
1475 2356 1699 2452 regula
1737 2357 2001 2429 transire
2045 2359 2260 2430 invitis
2312 2359 2499 2429 nobis
2534 2379 2675 2428 non

556 2487 820 2570 possunt
866 2473 942 2559 (5
957 2480 1010 2562 3.
1130 2494 1144 2505 ·

613 2786 876 2867 (1)·.1.
926 2783 1048 2864 54,
1086 2780 1208 2868 59,
1259 2802 1410 2862 120,
1462 2782 1619 2867 175,
1661 2783 1830 2868 §13
1895 2783 2235 2870 l.177pr.
2275 2782 2356 2843 D.
2407 2778 2529 2857 50,
2591 2799 2673 2864 ¹7

556 2896 688 2976 (de
735 2916 859 2978 reg.
904 2897 1026 2976 jur.
1051 2897 1103 2972 ).

638 3006 765 3084 (α)
806 3001 1111 3063 Accurate
1143 2998 1515 3083 loquentes·
1552 2998 1966 3083 singularium
1992 3021 2200 3063 rerum
2220 2999 2677 3082 acquisitiones

554 3126 619 3178 et
663 3134 774 3198 per
818 3112 1287 3177 universitatem
1331 3110 1806 3193 acquisitionem
1855 3110 1959 3176 vel
2009 3112 2452 3174 successionem
2500 3111 2677 3174 inter

553 3242 622 3285 se
663 3242 947 3305 separare
988 3216 1306 3283 debemus.
2239 3275 2253 3287 ,

638 3330 761 3405 (3)
805 3325 1017 3408 Vulgo
1078 3326 1160 3386 in
1200 3323 1467 3386 dominii
1519 3319 1924 3404 acquisitione
1974 3315 2231 3380 titulum
2285 3329 2350 3380 et
2405 3319 2675 3383 modum

552 3437 731 3498 anxie
770 3435 1205 3515 distinguunt,
1242 3415 1434 3513 idque
1460 3447 1496 3490 a
1522 3426 1818 3490 Romanis
1864 3426 1998 3485 fieri
2028 3425 2272 3486 docent.
2312 3404 2475 3486 Vide
2506 3428 2682 3487 inter

545 3544 922 3606 novissimos
949 3538 1257 3615 Toullier,
1298 3539 1496 3600 Droit
1516 3533 1704 3610 civil,
1745 3533 1824 3594 T.
1854 3530 1986 3608 lV,
2029 3547 2104 3592 no
2109 3528 2276 3609 ..54
2320 3531 2682 3595 Erroneam

548 3648 899 3710 doctrinam
915 3642 1087 3727 apud
1107 3643 1450 3703 Germanos
1484 3638 1844 3723 jamdudum
1863 3636 2100 3723 expulit
2140 3636 2324 3720 Hugo
2362 3639 2431 3698 in
2476 3641 2676 3702 Civael.

411 3754 420 3759 ’
540 3738 908 3834 ν111αςιιιιή,
953 3747 1085 3814 vol.
1130 3746 1221 3808 IV
1248 3794 1282 3829 ,ο
1321 3768 1387 3828 p.
1445 3744 1723 3830 137-184
1759 3756 1824 3806 et
1856 3743 2045 3805 alibi.-

634 3860 752 3939 (4)
795 3858 933 3920 Hoc
950 3865 1326 3940 praeceptum
1350 3855 1487 3937 ipsa
1511 3872 1718 3915 rerum
1744 3861 1968 3913 natura
2007 3850 2255 3914 statuit.
2305 3850 2454 3912 Von
2489 3851 2676 3913 We..

547 3969 701 4046 ning
733 3963 1086 4042 Lekrbuch,
1142 3962 1171 4048 ᾗ
1205 3960 1326 4046 29,
1366 3980 1432 4021 n.
1479 3981 1542 4020 u.
2128 3988 2131 3991 1

630 4070 752 4149 (5)
793 4069 864 4132 L.
910 4089 974 4130 n
1005 4115 1025 4145 ‚
1069 4068 1152 4144 D.
1193 4066 1313 4142 50,
1369 4086 1435 4152 17
1483 4062 1608 4143 (de
1646 4059 1720 4123 R.
1766 4058 1888 4147 L).
