2893 4778
1178 307 1434 359 monz.
2223 287 2369 389 559

251 434 283 521 ς
316 436 411 497 Π.
545 433 642 495 De
679 429 889 515 legum
931 429 1498 513 interpretatione..
1520 440 1624 496 .“.“.’
1644 473 2191 501 ..............
2251 433 2370 498 158

251 543 280 625 §
328 541 433 616 111.
547 540 643 600 De
683 531 927 621 legibus
977 537 1176 597 causis
1220 535 1349 597 suis
1388 546 1558 597 recte
1598 537 2153 602 accommodandis,
2174 589 2188 603 .
2250 541 2367 607 165

255 651 316 733 §-
309 649 441 710 -.1V
546 647 790 726 Quibus
833 644 1035 708 modis
1076 645 1239 727 leges
1285 641 1599 706 tolluntur
1603 691 2187 714 ................
2249 650 2365 714 168

259 757 332 816 C.
378 758 472 816 De
511 750 899 836 privilegiis,
924 751 1054 811 sive
1095 750 1337 833 dejure
1375 748 1679 834 singulari
1709 762 1771 813 et
1810 754 2201 820 constitutio-

420 860 610 928 nibus
672 855 1104 941 personalibus
1111 902 2108 925 .........................
2133 884 2149 900 ·
2175 909 2191 924 .
2253 862 2372 948 169

259 968 341 1028 D.
386 968 482 1028 De
520 968 653 1049 jure
682 987 808 1068 non
862 965 1138 1046 scripto,
1190 968 1322 1028 sive
1351 962 1430 1027 dc
1464 965 1538 1030 vi
1561 975 1626 1027 ct
1669 964 1893 1030 effectu
1935 988 2203 1031 consue-

423 1073 662 1141 tudinis
669 1111 1250 1137 ...............
1260 1129 1266 1136 ,
1274 1118 2193 1141 .......................
2257 1081 2323 1162 17
2339 1099 2364 1141 1

162 1253 165 1256 y
258 1178 340 1242 Ε.
381 1180 476 1240 Βο
518 1178 751 1240 ethices
792 1188 1236 1263 praeceptorum
1255 1190 1320 1242 et
1353 1182 1660 1262 aequitatis
1697 1182 1939 1248 ratione
1965 1184 2030 1243 in
2075 1187 2211 1267 jure

432 1277 757 1348 habenda
725 1327 2202 1352 .....................................
2261 1288 2377 1377 174

395 1429 605 1490 Carti-r
645 1428 722 1490 11.
764 1426 869 1488 De
902 1428 1191 1511 personis
1215 1474 1234 1505 ,
1297 1448 1515 1488 earum
1553 1440 1715 1491 statu
1755 1442 1817 1491 et
1858 1431 2240 1515 differentia.

259 1584 341 1648 A.
383 1588 476 1645 De
518 1584 799 1666 personis
843 1602 1180 1666 earumque
1213 1580 1616 1644 distinctione
1648 1594 1711 1645 et
1739 1595 1906 1650 statu
1948 1589 2018 1649 in
2061 1592 2211 1651 uni-

424 1673 675 1753 versum
679 1734 1384 1755 ..................
1387 1721 1796 1773 μ.......,..·
1818 1736 2202 1761 ..........
2262 1696 2378 1783 175

261 1781 334 1859 Β.
377 1799 472 1857 De
514 1793 927 1864 naturalibus
965 1795 1243 1882 personis
1249 1838 2037 1867 ....................
2146 1848 2161 1868 .
2187 1849 2202 1865 .
2263 1803 2379 1889 178

266 1906 298 1989 §
344 1906 397 1966 Ι.
577 1903 674 1965 De
714 1904 1043 1994 nativitate
1087 1901 1412 1962 hominum
1417 1945 2157 1971 ...................
2211 1910 2368 1972 ibid.

267 2002 300 2086 ς
342 2006 426 2069 11.
567 1993 663 2070 De
703 2018 922 2069 morte.
963 2051 2207 2078 ...............................
2266 2018 2378 2080 182

269 2105 300 2194 ᾗ
344 2112 454 2174 111.
566 2114 662 2178 De
701 2132 954 2174 sexuum
999 2111 1479 2173 discriminibus.
1495 2159 1513 2178 .
1532 2156 1552 2177 .
1575 2158 1591 2175 .
1615 2159 1631 2175 .
1655 2159 1673 2179 .
1696 2159 1714 2177 .
1738 2160 1757 2192 .
1777 2160 2205 2187 ...........
2266 2121 2380 2200 184

269 2215 301 2301 §
347 2218 460 2281 lv.
568 2219 667 2280 De
704 2220 903 2279 aetatis
926 2215 1410 2290 discriminibus,
1429 2264 1446 2281 .
1473 2262 1488 2280 .
1513 2260 1530 2282 .
1555 2262 1571 2279 .
1596 2217 1609 2280 ζ
1637 2263 1816 2286 .....
1829 2275 1834 2282 ,
1839 2266 2183 2286 .........
2219 2226 2376 2290 ibid.

271 2322 303 2408 §
336 2309 430 2385 V.
530 2323 663 2386 De
704 2324 803 2385 his
821 2371 840 2402 ‚
865 2326 975 2408 qui
999 2325 1222 2385 mentis
1247 2321 1349 2388 vel
1370 2325 1649 2423 corporis
1670 2324 1915 2388 defectu
1935 2325 2220 2394 laborant
2269 2332 2378 2419 187

274 2429 304 2514 §
347 2430 489 2494 VI.
572 2433 668 2492 De
690 2431 842 2507 his,
894 2433 1001 2514 qui
1050 2433 1146 2492 sui
1190 2429 1293 2495 vel
1343 2429 1538 2492 alieni
1590 2433 1749 2512 juris
1798 2446 1945 2496 sunt
1950 2480 2208 2504 .......
2270 2441 2384 2525 189

276 2537 306 2620 §
347 2536 485 2598 Vll,
570 2538 665 2598 De
710 2529 1037 2599 hominum
1075 2539 1237 2598 circa
1277 2516 1643 2619 religionem
1682 2538 2032 2611 differentia
2041 2588 2213 2610 .....
2276 2569 2384 2631 190

279 2644 306 2725 §
351 2643 530 2706 VIII.
572 2645 668 2704 De
707 2640 861 2705 his
840 2690 858 2721 ‚
901 2665 1164 2727 quorum
1213 2644 1582 2722 existimatio
1629 2645 1868 2709 minuta
1904 2658 1998 2711 est
2001 2695 2211 2714 ......
2272 2676 2379 2738 191

283 2749 313 2832 §
362 2750 471 2821 IX.
577 2748 676 2811 De
714 2752 1102 2833 cognationis
1148 2760 1212 2812 et
1255 2749 1573 2813 affinitatis
1624 2750 1874 2816 vinculo
1879 2799 2214 2822 .........
2272 2762 2387 2845 195

276 2856 308 2938 §
351 2856 437 2916 X.
569 2857 666 2917 De
704 2855 1022 2918 domicilio
1051 2856 1375 2919 hominum
1385 2901 2215 2929 .....................
2268 2887 2378 2931 201

277 2963 351 3023 C.
397 2963 492 3023 De
530 2965 811 3044 personis
858 2984 994 3045 quae
1042 2962 1191 3046 juris
1239 2950 2215 3057 fictione‘constituuntur·,...=..
2269 2995 2384 3036 202

286 3070 317 3153 §
358 3070 406 3141 I.
512 3068 775 3134 Diversa
810 3070 1035 3132 harum
1072 3091 1480 3152 personarum
1525 3092 1747 3160 genera
1755 3119 2176 3143 ...........
2225 3082 2424 3144 ibid.

283 3173 315 3259 §
358 3177 438 3238 11.
505 3176 601 3240 De
638 3176 1137 3269 Uniyersitatum
1171 3178 1303 3257 jure
1308 3218 1486 3241 .....
1488 3199 1494 3204 ·
1507 3222 2218 3251 ..................
2271 3189 2390 3270 204

284 3280 315 3367 §
360 3282 469 3343 111.
503 3283 596 3343 De
636 3293 856 3344 mutuo
887 3285 1050 3345 inter
1075 3284 1545 3345 universitatem
1565 3286 1819 3369 ejusque
1847 3284 2042 3353 socios
2068 3314 2232 3376 prae-

559 3387 842 3469 sidesque
893 3389 1025 3469 jure
1031 3430 1815 3457 ....................
1835 3452 1836 3455 ,
1837 3438 2224 3462 ..........
2275 3418 2388 3484 207

288 3490 319 3575 ᾗ
365 3491 473 3555 IV.
518 3491 1052 3571 Quemadmodum
1099 3495 1473 3558 universitas
1507 3497 1910 3563 constituitur
1953 3499 2055 3566 vel
2090 3502 2227 3565 dis·-

552 3599 820 3663 solvitur
822 3646 2221 3673 ...................................
2275 3610 2391 3679 208

780 3752 988 3814 Cum-r
1027 3755 1142 3817 111.
1198 3754 1302 3818 De
1342 3759 1522 3820 mbas*
1557 3770 1622 3819 et
1640 3758 1902 3836 juribus.

265 3898 371 3962 ·A.
416 3903 512 3963 De
553 3923 761 3965 rerum
813 3904 883 3966 in
932 3906 1064 3995 jure
1109 3911 1351 3971 ratione
1355 3954 2223 3981 ......................
2275 3936 2395 4002 209

297 4007 343 4090 §⁴
371 4008 489 4068 1.·'
589 4011 821 4076 Rerum
868 4011 1150 4075 definitio
1195 4026 1258 4076 et
1302 4018 1556 4082 summa
1595 4019 1819 4085 divisio
1842 4063 2182 4087 .........
2230 4022 2391 4091 ibid.

299 4114 326 4197 §
371 4116 456 4178 11.
595 4115 699 4180 De·
735 4117 918 4182 rebus
961 4139 1099 4205 quae
1153 4132 1328 4188 extra
1371 4122 1822 4209 patrimonium
1859 4126 2222 4194 habentur..
2275 4150 2388 4194 211
