2893 4778
583 279 719 353 116
900 299 1411 351 εοΜΜΕΝΤΑωι
1462 301 1664 349 smus
1716 300 1999 350 nomm
2049 303 2372 355 rmvxrr.

569 451 754 496 novae
791 425 964 517 leges
998 421 1316 518 generales
1371 447 1443 490 ac
1487 422 1710 514 ‘legum
1754 424 2002 492 codices
2043 427 2514 495 conficerentur
2565 447 2689 522 pr'o
2738 454 2753 504 ,·

574 555 709 610 tota
764 538 972 607 Gallia
999 589 1016 616 ,
1066 538 1302 604 horum
1361 536 1721 604 conditores
1765 561 1949 631 aeque
1987 562 2070 605 ex
2110 544 2251 630 jure
2303 565 2570 609 rotnano
2616 568 2695 610 ac

569 656 796 747 patriis
831 679 912 720 ex
943 652 1227 718 moribus
1263 627 1662 717 hauriebant.

658 770 873 856 Major
913 767 1251 833 auctoritas
1289 765 1815 859 frequentiorque
1866 791 2009 834 usus
2066 791 2263 858 quam
2312 768 2384 834 in
2437 781 2700 861 septen-

569 882 946 949 trionalibus
970 879 1196 946 Galliae
1228 879 1688 971 partibusjuris
1720 883 1969 945 romani
1995 884 2224 945 eratin
2246 880 2382 946 aliis
2412 883 2697 974 Europae

569 998 824 1089 regniS,
880 993 1078 1063 veluti
1120 996 1201 1060 in
1239 992 1453 1072 Italia,
1510 995 1818 1086 Hispania
1846 1046 1863 1072 ,
1921 995 2275 1074 Lusitania,
2327 995 2698 1064 Germaniae

573 1112 855 1176 maxima
913 1122 1093 1201 parte
1143 1121 1209 1174 et
1269 1109 1337 1172 in
1393 1106 1644 1198 Belgio.
1709 1105 1908 1200 Apud
1955 1107 2307 1173 Germanos
2359 1106 2519 1175 illud
2571 1135 2700 1201 pro

569 1232 710 1314 jure
759 1225 1089 1292 communi
1128 1222 1517 1302 habebatur,
1555 1221 1883 1313 hodieque
1934 1225 2172 1313 partim
2223 1223 2496 1288 habetur
2542 1231 2562 1305 (
2597 1233 2699 1310 1).

659 1341 739 1405 In
768 1335 992 1426 Belgio
1028 1358 1280 1426 quoque
1310 1347 1553 1400 tantam
1572 1334 1801 1401 habuit
1839 1336 2282 1402 auctoritatem
2305 1386 2322 1416 ,
2355 1349 2428 1402 ut
2467 1338 2706 1405 obser..

573 1456 713 1522 vari
767 1451 1026 1517 deberet
1073 1447 1293 1515 silente
1334 1450 1546 1540 patrio
1586 1452 1724 1535 jure
1761 1474 1781 1531 3
1845 1474 1929 1514 an
1985 1474 2137 1518 vero
2193 1474 2535 1518 commune
2600 1456 2705 1539 jus

576 1564 783 1658 Belgii
832 1563 990 1630 illud
1057 1563 1251 1629 fuerit
1284 1565 1313 1628 ?
1381 1562 1461 1629 de
1534 1587 1610 1630 eo
1683 1577 1964 1630 recentes
2031 1564 2295 1656 quidam
2365 1568 2706 1658 scriptores

576 1665 858 1749 multum
901 1678 1311 1770 disputarunt·
1329 1729 1346 1756 ,
1381 1676 1536 1743 dum
1570 1681 1948 1771 pragmatici
1995 1692 2283 1745 auctores
2325 1678 2488 1748 illud
2525 1683 2711 1749 affir-

571 1796 835 1863 mabant
875 1798 1007 1879 (2).
1047 1796 1125 1858 In
1158 1791 1540 1884 quibusdam
1575 1793 1945 1883 regionibus
1968 1843 1984 1872 ,
2027 1792 2226 1861 veluti
2248 1796 2318 1858 in
2345 1796 2708 1885 provincia.

572 1910 927 1977 Hannoniae
946 1958 962 1988 ,
1004 1906 1217 1971 minor
1263 1909 1396 1991 ejus
1442 1917 1579 1972 erat
1616 1930 1788 1971 usuS.

658 2131 764 2208 (1)
809 2126 973 2187 Vide
997 2125 1160 2187 Sani.
1199 2124 1278 2188 de
1305 2125 1547 2207 Cocceji
1588 2129 1684 2208 jus
1711 2138 2202 2220 controversum.
2250 2128 2705 2212 Prolegomena

577 2256 682 2317 qu.
742 2256 791 2294 1.
846 2233 944 2294 ed.
1017 2254 1162 2296 nov.
1222 2255 1285 2315 p.
1371 2231 1537 2313 1-63
1589 2234 1985 2312 Senkenberg
2029 2283 2045 2312 ,
2126 2237 2300 2299 Nova
2364 2238 2708 2301 methodus

576 2341 1078 2427 jurisprudentiae
1100 2387 1117 2417 ‚
1145 2339 1456 2424 appendix
1481 2342 1602 2420 111,
1633 2342 1662 2425 §
1686 2342 1878 2406 50-61
1902 2392 1922 2422 ,
1946 2366 2007 2427 p.
2039 2341 2313 2430 138-147
2342 2367 2358 2405 :
2387 2345 2697 2413 Francof.

573 2451 654 2512 ad
682 2451 993 2523 Moenum,
1033 2447 1228 2532 1756,
1271 2448 1362 2526 40.
2488 2444 2492 2455 ’

511 2574 518 2577 “
661 2559 772 2637 (2)
838 2556 1171 2617 Forensem
1245 2556 1400 2636 juris
1470 2559 1711 2617 romani
1765 2560 2201 2620 auctoritatem
2241 2561 2496 2642 exponit
2550 2560 2692 2627 cel.

576 2642 941 2725 Stockmans
1001 2662 1067 2722 in
1135 2661 1409 2722 consiliis
1452 2673 1514 2723 et
1563 2663 1978 2726 decisionibus
2007 2713 2025 2742 ,
2095 2665 2174 2726 ad
2244 2667 2703 2749 quaestionem3

574 2792 656 2833 an
721 2763 919 2851 Belgii
987 2772 1084 2850 jus
1147 2790 1472 2828 commune
1526 2768 1760 2830 fuerit?
1824 2775 1893 2831 In
1965 2771 2107 2832 dec«
2165 2772 2277 2834 lib.
2343 2775 2419 2848 1,
2502 2797 2568 2835 n.
2644 2797 2702 2838 1.

580 2877 947 2958 Impugnata
986 2885 1078 2935 est
1134 2877 1266 2955 ejus
1321 2878 1628 2936 sententia
1669 2876 1749 2937 ab
1797 2878 2157 2938 auctoribus
2224 2879 2470 2940 duobus
2550 2881 2703 2942 dis·

576 2985 984 3043 sartationum
1027 3003 1091 3065 a⁸
1120 2981 1448 3043 Bruxellen
1464 2986 1513 3044 si
1573 2986 1903 3046 Academia
1951 2988 2203 3069 praemio
2259 3000 2634 3051 ornatarum
2673 3038 2693 3069 ,

587 3088 782 3174 1782,
843 3087 1010 3150 Clar.
1091 3088 1169 3150 de
1232 3091 1390 3171 Berg
1435 3102 1503 3151 et
1567 3090 1986 3176 d'Outrepont
2052 3117 2070 3154 τ
2124 3095 2460 3156 ,Me'moires
2526 3118 2688 3157 cou-

574 3196 803 3258 ronne's
843 3194 921 3256 de
970 3195 1358 3258 l’Acade'mie
1394 3197 1473 3256 de
1513 3199 1843 3259 Bruxelles
1880 3200 1961 3261 de
1997 3194 2043 3258 Γ
2044 3222 2131 3262 an
2180 3200 2369 3284 17823
2411 3203 2698 3264 Bruxel-

578 3307 665 3365 les
713 3300 899 3387 1783,
946 3324 969 3363 1
1017 3300 1134 3363 vol.
1185 3302 1274 3381 40.
1321 3303 1438 3364 Sed
1481 3296 1663 3365 facile
1703 3306 1914 3368 videre
1953 3301 2045 3369 est
2080 3306 2254 3368 falsis
2295 3284 2698 3390 argumentis

575 3410 694 3474 hos
764 3420 1047 3471 auctores
1115 3431 1361 3472 causam
1428 3432 1601 3472 suam
1657 3414 1872 3495 egisse.
1957 3416 2051 3476 De
2103 3415 2376 3497 ejusdem
2441 3436 2560 3477 usu
2621 3419 2696 3480 in

574 3513 908 3577 Hollandia
958 3512 1219 3597 aliisque
1266 3516 1856 3597 septentrionalibus
1921 3516 2258 3600 provinciis
2317 3530 2694 3584 tractarunt

572 3644 698 3684 van
757 3616 869 3681 der
910 3620 1091 3702 Hoop
1132 3632 1195 3682 et
1231 3621 1418 3704 Fagel
1470 3623 1532 3682 in
1573 3623 1759 3684 deciS.
1812 3624 1889 3683 de
1924 3646 2038 3685 usu
2079 3626 2200 3706 jur.
2252 3644 2407 3685 rom.
2472 3635 2536 3686 et
2601 3627 2692 3689 de

575 3728 923 3789 necessario
989 3729 1200 3788 studio
1263 3730 1381 3810 jur.
1440 3750 1596 3789 rom.
1648 3731 1714 3790 in
1772 3729 2106 3792 Hollandia
2140 3779 2157 3808 ‚
2243 3752 2390 3792 nov.
2461 3733 2623 3794 edit.
2671 3756 2693 3795 τ

576 3834 768 3916 Hagoe
807 3834 1114 3894 Comitum
1161 3855 1353 3918 1779,
1429 3858 1449 3896 1
1485 3834 1613 3897 vol.
1660 3834 1748 3897 8⁰.
1808 3859 1927 3899 van
1964 3836 2210 3898 Hasselt
2227 3879 2253 3912 ,
2294 3837 2372 3898 de
2403 3861 2516 3898 ιιςιι
2537 3844 2692 3918 jur.

571 3958 736 4001 rom.
767 3941 831 4000 in
855 3939 1116 4002 Geldria
1146 3951 1208 4001 et
1235 3939 1316 4000 H.
1356 3941 1414 4001 J.
1439 3941 1815 4006 Arntzenius
1840 3991 1855 4022 ,
1885 3945 2314 4006 Institutiones
2350 3946 2506 4026 jun-is
2533 3945 2697 4008 bel-

576 4047 734 4130 gici,
767 4057 921 4108 tom.
979 4069 1067 4126 1.,
1103 4069 1168 4129 p.
1210 4045 1414 4110 20-38
1448 4047 1707 4133 (1789).
