2893 4778
1008 317 1535 414 mmowcrio.
2235 321 2323 421 87

218 476 494 531 satorum
542 458 750 553 aliqui
796 452 843 541 ,¹
877 460 1057 529 velut
1108 462 1517 560 Placentinus
1540 513 1561 546 ,
1614 455 2165 559 Montispessulani
2208 472 2328 554 (1)

218 602 377 644 anno
433 601 457 642 1
481 575 607 643 16'6
650 572 812 641 illud
860 575 1259 669 interpretati
1309 592 1460 644 sunt
1507 606 1525 662 3
1575 580 1829 646 Parisiis
1883 605 2144 675 quoque
2193 588 2330 673 ejus

218 697 502 766 doctores
544 692 827 763 scholam
859 693 1113 792 'aperire
1159 698 1555 789 incipiebant
1597 747 1616 778 ,
1662 722 1857 789 quam
1902 723 2056 768 vero
2099 702 2330 791 ponti-

217 811 318 878 fex
357 811 679 878 maximus
717 809 1043 877 Honorius
1092 810 1188 899 III
1227 816 1337 896 (2)
1368 862 1386 893 ‚
1441 816 1620 898 cujus
1668 823 1919 881 tantum
1953 816 2328 882 auctoritate

222 923 343 990 illis
390 922 638 990 saeculis
685 900 912 989 scholae
957 924 1203 989 institui
1248 936 1544 1017 poterant
1573 974 1590 1004 ‚
1642 923 1851 1016 claudi
1891 926 2071 1013 jussit
2111 952 2132 1007 3
2184 927 2330 993 To-

221 1038 359 1105 losae
407 1050 628 1104 autem
674 1050 740 1103 et
787 1036 1067 1104 Aureliae
1114 1036 1340 1105 saeculo
1392 1038 1553 1104 XIII
1599 1037 1851 1129 legistoe
1890 1038 2160 1106 docuere
2196 1038 2332 1125 (3).

225 1151 443 1219 Plures
492 1143 650 1238 juris
679 1151 929 1218 romani
967 1163 1252 1218 auctores
1296 1151 1597 1218 Tolosani
1634 1177 1936 1243 magnam
1964 1152 2202 1219 famam
2232 1178 2333 1221 as-

219 1268 413 1333 secuti
455 1278 606 1332 sunt
632 1314 651 1345 ,
713 1261 916 1334 veluti
964 1265 1003 1330 J
1006 1265 1239 1332 acobus
1285 1291 1320 1330 a
1365 1265 1640 1332 Ravanis
1689 1278 1754 1331 et
1812 1268 1943 1352 ejus
1982 1264 2336 1359 >discipulus

222 1381 436 1446 Petrus
453 1406 490 1445 a
521 1377 697 1445 Bella
723 1378 966 1446 Pertica
995 1385 1099 1464 (m.
1131 1378 1318 1466 1348)
1344 1382 1674 1446 crescentis
1691 1378 1903 1473 glossae
1923 1382 2328 1451 Accursianae

225 1494 616 1561 auctoritatis
663 1491 1005 1562 adversarii
1059 1494 1196 1580 (4).
1251 1494 1469 1585 Opera
1525 1493 1800 1586 denique
1863 1494 2108 1576 diversa
2152 1551 2157 1568 ,.
2178 1501 2333 1584 juris

227 1612 468 1676 romani
532 1632 717 1674 usum
774 1610 846 1673 in
900 1607 1107 1696 Gallia
1166 1621 1478 1675 testantur
1513 1658 1531 1689 ‚
1596 1607 1793 1676 veluti
1851 1610 2338 1690 constitutiones

229 1722 699 1791 Sti.-Ludovici
747 1729 879 1808 (m.
942 1746 1105 1813 1270
1141 1728 1161 1809 )
1207 1736 1273 1789 et
1315 1723 1493 1794 Petri
1544 1721 1623 1788 de
1682 1722 1990 1789 Fontanis
2042 1724 2332 1809 (Pierre

230 1838 310 1902 de
343 1838 759 1921 Fontaz'nes)
802 1836 965 1902 liber
1010 1838 1127 1902 sub
1168 1838 1428 1903 nomine
1467 1865 1482 1902 =
1527 1820 1802 1905 Conse-il
1823 1835 1984 1930 qu'il
2022 1837 2254 1904 donna
2284 1844 2334 1907 d

234 1975 349 2028 ,son
410 1956 557 2017 ami
598 1965 667 2015 et
709 1956 754 2015 ἀ
796 1965 940 2017 tous
982 1951 1101 2018 les·
1146 1965 1370 2032 autres
1390 1958 1419 2037 δ(
1439 1953 1726 2044 scriptus,
1749 1978 1806 2017 a.
1849 1952 2088 2040 1253),
2139 1953 2287 2042 (5).

311 2300 417 2379 (ι)
468 2300 855 2373 Terrasson„
898 2320 961 2381 p.
1024 2295 1281 2376 141-16.

317 2410 416 2486 (2)
462 2407 533 2466 C.
583 2405 663 2467 28
705 2407 786 2466 X.
832 2404 890 2466 5.
940 2406 1017 2467 33
1062 2405 1189 2486 (de
1234 2401 1647 2488 privilegiis).

313 2513 414 2593 (3)
457 2514 735 2592 Savigny
764 2559 782 2589 ,
827 2513 1008 2573 Tom.
1052 2514 1146 2573 III
1172 2557 1189 2586 ,
1243 2534 1308 2593 p.
1360 2507 1654 2594 314-378.

315 2617 424 2700 (4)
474 2602 810 2681 Terrasson
843 2664 860 2695 ‚
907 2640 972 2702 p.
1024 2615 1329 2703 447-456.
1464 2617 1467 2620 ⁴

315 2726 425 2808 (5)
469 2727 564 2788 De
587 2727 1039 2809 antiquissimis
1075 2724 1254 2787 libris
1285 2726 1466 2786 usum
1508 2725 1662 2805 juris
1691 2722 1934 2784 romani
1969 2719 2356 2783 testantibus:
2473 2718 2483 2730 ”

241 2836 378 2897 vide
422 2838 680 2896 notitias
730 2833 1252 2918 bibliographicas
1296 2855 1334 2895 a
1379 2831 1574 2894 celeb.
1633 2833 1849 2914 Dupin
1902 2853 2101 2914 nuper
2144 2831 2353 2893 editas

242 2942 348 3003 sub
377 2940 565 3003 titulo
599 2963 617 3002 ε
659 2941 906 3004 Notices
940 2943 1301 3025 historiques
1324 2988 1342 3018 ,
1384 2942 1670 3023 critiques
1700 2952 1760 2999 et
1790 2938 2346 3022 bibliogmphz‘ques

241 3071 343 3110 sur
370 3049 683 3133 plusieurs
721 3048 898 3110 liures
943 3048 1020 3111 de
1046 3047 1525 3135 jurisprudence
1549 3046 1897 3128 smne-dise
1929 3093 1947 3122 ,
1988 3064 2355 3126 remarquab

243 3156 360 3216 bles
400 3176 538 3239 ραι·
581 3155 718 3214 leur
752 3157 1159 3238 antiquite‘ou
1206 3154 1342 3215 leur
1377 3152 1751 3234 originalite'.
1802 3153 1980 3213 Paris
2027 3150 2178 3213 1820
2208 3197 2225 3226 ,
2256 3146 2346 3209 80.

240 3261 330 3323 De
355 3262 533 3323 Petri
573 3262 652 3323 de
685 3261 987 3322 Fontanis
1014 3260 1178 3325 libro
1203 3262 1359 3323 dicit
1386 3283 1450 3344 p.
1505 3259 1585 3321 38
1615 3284 1634 3339 3
1685 3259 1764 3320 de
1803 3254 2361 3321 constitutionibus

243 3370 389 3431 Scti.
443 3368 748 3429 Ludovici
792 3389 855 3450 p.
920 3365 1131 3447 14-34.
1188 3368 1397 3452 Opera
1462 3367 1586 3429 duo
1633 3367 1714 3429 ab
1773 3366 2106 3427 Academia
2158 3361 2355 3445 Regia

246 3476 469 3559 gallica
508 3476 991 3557 Inscriptionum
1034 3473 1246 3541 laurea
1286 3485 1507 3536 ornata
1560 3474 1839 3555 prodiere
1899 3470 2314 3548 recentissime
2339 3515 2356 3542 ‚

250 3605 379 3664 quac
417 3581 661 3642 consuli
690 3592 952 3666 possunt
980 3629 996 3658 ,
1030 3581 1266 3642 scilicet
1304 3604 1321 3640 ε
1370 3580 1562 3641 Essai
1601 3603 1710 3655 sur
1750 3581 1837 3641 les
1875 3578 2248 3639 institutions
2283 3573 2362 3633 de

250 3690 575 3750 St.-Louis
602 3735 621 3767 ,
669 3709 798 3772 par
848 3689 1085 3750 Arthm·
1134 3689 1420 3768 Beugnot
1450 3687 1560 3769 fils
1593 3735 1609 3764 ‚
1652 3688 1831 3746 Paris
1897 3683 2045 3745 1821
2080 3725 2104 3760 -,
2151 3681 2240 3742 8⁰.
2293 3703 2358 3764 p.

254 3795 400 3869 308,
436 3799 553 3879 317
604 3806 666 3856 et
712 3792 983 3872 318-401
1015 3816 1035 3874 3
1064 3806 1124 3855 et
1153 3794 1252 3855 De
1295 3795 1358 3865 la
1381 3793 1710 3874 se'Odalice'
1740 3806 1801 3853 et
1837 3791 1944 3853 des
1981 3783 2363 3851 institutions

256 3901 328 3960 de
367 3902 689 3963 St.-Louis
725 3923 855 3986 pat·
888 3904 969 3962 F.
1014 3902 1094 3963 A.
1139 3902 1384 3981 Mignet
1416 3950 1432 3977 ‚
1473 3900 1653 3961 Paris
1703 3898 1879 3960 1822.
1929 3899 2006 3960 In
2042 3897 2162 3959 hoc
2204 3892 2370 3958 libro

255 4006 293 4089 Ἰ(
308 4034 368 4093 p.
424 4011 596 4095 174)
637 3996 802 4076 'falsa
843 4013 1057 4098 opinio
1110 4012 1187 4076 de
1230 4014 1632 4078 restitutione
1687 4010 1842 4094 juris
1897 4011 2135 4076 romani
2190 3994 2371 4092 re'pe'-

271 4120 380 4180 tita
424 4130 539 4185 est.
