2893 4778
527 290 676 378 458
866 312 1377 366 comm-:mnu
1443 312 1645 362 sums
1696 309 1979 360 nouam
2032 309 2351 359 rva‘rr.

532 446 671 522 tuom
720 433 893 526 quod
939 457 1059 524 pro
1097 445 1276 525 parte
1318 457 1470 502 vero
1500 434 1761 500 servitus
1789 432 2028 523 praedio
2057 445 2123 498 et
2156 431 2403 523 acquiri
2439 444 2503 499 et.
2525 433 2656 497 im-

527 550 683 639 poni
724 549 996 639 nequit3
1043 546 1192 614 licet
1233 549 1502 616 servitus
1560 549 1900 613 constituta
1945 571 2080 613 non
2124 548 2393 613 intereat
2415 598 2432 628 ‚
2501 572 2654 614 cum

525 659 840 753 praedium
894 659 1273 736 alterutrum
1317 642 1438 751 pro
1480 657 1749 726 indiviso
1795 661 1880 727 ad
1937 662 2256 730 servitutis
2309 661 2650 729 dominum

526 776 846 867 pertinere
877 776 1136 867 coeperit
1168 779 1276 859 (1).
1322 776 1385 839 N
1387 799 1460 840 ec
1485 776 1668 840 bonae
1709 775 1857 841 fidei
1887 800 2224 867 possessor,
2245 801 2363 843 nec
2395 780 2512 867 qui
2546 781 2650 864 jus

528 890 601 955 in
632 890 924 956 nechabet
948 940 964 969 ,
986 887 1227 980 praedio
1245 890 1612 957 servitutem
1636 892 1959 980 acquirere
1980 903 2206 982 potest.
2227 891 2414 957 Illum
2436 903 2653 960 tamen

526 1005 770 1070 Praetor
803 1016 1017 1070 tuetur
1060 992 1191 1070 non
1234 1004 1445 1069 minus
1481 1029 1677 1095 quam
1717 1004 2221 1095 superficiarium
2256 1018 2322 1071 et
2359 1006 2636 1097 emphy-

529 1131 772 1185 teutam
790 1171 806 1196 ,
835 1120 1203 1185 servitutem
1232 1117 1600 1210 stipulantes
1624 1122 1762 1204 (2).
1796 1118 2315 1186 Usufructuarius
2333 1145 2484 1188 vero
2539 1134 2653 1187 aut:

534 1234 651 1322 qui
693 1231 869 1298 aliud
912 1237 1007 1319 jus
1052 1235 1121 1297 in
1167 1232 1404 1324 praedio
1448 1215 1688 1299 hah‘ent
1712 1285 1729 1312 ,
1785 1232 2117 1300 dominum
2159 1239 2292 1321 ejus
2336 1233 2649 1326 impedire
2746 1319 2749 1326 Α

483 1371 667 1415 -.non
700 1361 960 1439 possunt
991 1398 1007 1423 ,
1049 1351 1395 1438 quominus
1422 1349 1794 1416 servitutem
1832 1372 1947 1414 suo
1972 1346 2176 1417 fundo
2208 1351 2499 1441 acquirat
2530 1350 2648 1434 (3).
2722 1415 2723 1424 ,

634 1463 784 1553 319.
828 1462 1040 1530 Potest
1077 1464 1343 1530 servitus
1374 1461 1599 1553 praedii
1653 1463 1868 1529 futuro
1908 1488 2166 1554 quoque
2217 1463 2489 1529 aedificio
2531 1466 2652 1529 im-

529 1578 685 1666 poni
736 1574 833 1642 vel
886 1575 1133 1664 acquiri
1183 1587 1250 1640 et
1297 1599 1463 1665 aqua
1515 1573 1724 1641 adhuc
1767 1576 2118 1667 quaerenda
2159 1579 2447 1668 promitti
2474 1578 2603 1662 (4)1
2630 1624 2646 1652 ,

531 1689 639 1756 sed
683 1692 818 1780 ipso
846 1694 983 1775 jure
1015 1692 1333 1778 nequeex
1378 1702 1702 1780 tempore,
1734 1715 1947 1780 neque
1994 1691 2392 1788 adxtempuffi
2443 1716 2647 1781 neque

534 1806 654 1869 sub
674 1801 1057 1881 conditione,
1079 1803 1285 1892 neque
1303 1801 1383 1868 ad
1406 1816 1643 1869 certam
1656 1803 2088 1872 conditionem
2097 1805 2397 1871 constitui
2425 1819 2645 1895 potest.

531 1917 842 1987 Attamen
873 1919 923 1980 si
956 1916 1091 1982 haec
1135 1914 1516 2004 adjiciantur
1553 1969 1570 1996 ‚
1622 1920 1793 2009 pacti
1861 1919 1958 1986 vel
2017 1918 2144 1985 doli
2198 1927 2640 2010 exceptionem

535 2035 780 2101 obstare
823 2032 1188 2098 servitutem
1244 2045 1467 2098 contra
1519 2030 1747 2123 placita
1799 2032 2150 2100 vindicanti
2211 2047 2458 2100 constat
2520 2035 2641 2119 (5).

532 2144 759 2214 modus
807 2170 957 2214 vero
1001 2146 1284 2210 servituti
1333 2146 1580 2237 imponi
1632 2158 1838 2237 potest
1885 2147 2015 2229 (6).

635 2263 770 2328 Nec
802 2260 985 2326 aliter
1022 2259 1226 2328 valere
1265 2264 1636 2329 servitutem
1671 2265 1799 2330 sive
1837 2266 2211 2355 promissam
2253 2266 2384 2331 sive
2422 2277 2641 2329 reten-

525 2383 671 2452 ¹tam
714 2379 1087 2471 praecipitur
1127 2431 1144 2457 ‚
1205 2380 1326 2444 nisi
1379 2381 1715 2449 servitutis,
1752 2382 1955 2472 specie
2000 2405 2325 2472 expressa,
2376 2391 2446 2444 ut
2497 2404 2632 2444 cer-

532 2510 674 2564 tum
712 2498 793 2560 sit
822 2546 839 2574 ,
902 2493 1058 2586 quid
1116 2493 1422 2589 debeatur
1469 2502 1603 2584 (7).
1673 2494 1742 2562 Si
1789 2498 1930 2588 quis
1984 2519 2066 2561 ex
2116 2493 2633 2586 binispraediis,

544 2712 2630 2773 ““·““-“““““““““-“““““““““-“““-““““““““”““-“““Τ“

616 2868 729 2952 (1)
774 2869 843 2930 L.
883 2867 1103 2950 851,
1149 2870 1227 2928 D.
1271 2865 1354 2942 8,
1412 2889 1433 2927 1
1473 2865 1597 2942 (de
1637 2869 1954 2945 servit.)·,
1994 2865 2151 2926 l.3o
2199 2865 2227 2947 §
2271 2888 2342 2939 1,
2382 2861 2635 2939 D.8,2

533 2976 646 3059 (cle
681 2997 835 3036 serv.
867 2976 1071 3056 praed.
1114 2974 1304 3045 urb.)
1339 2996 1358 3052 3
1407 2974 1756 3047 Schrader,
1804 2972 2116 3033 Ablzancll.
2157 2995 2218 3054 p.
2265 2970 2557 3032 318·321.

617 3084 733 3164 (2)
777 3081 927 3164 Arg.
964 3082 1008 3143 l.
1047 3106 1068 3142 1
1113 3083 1141 3164 ς
1179 3105 1258 3166 9,
1298 3085 1376 3143 D.
1410 3079 1527 3160 433
1577 3081 1684 3159 18,
1729 3081 2320 3162 cit.3Scbmidtlein
2346 3128 2362 3156 ‚
2390 3080 2634 3139 dissert.

532 3188 700 3251 laud.
743 3212 803 3272 p.
848 3189 927 3252 85
967 3201 1028 3250 et
1075 3213 1205 3272 seq.

619 3296 736 3378 (3)
785 3297 831 3356 L
901 3297 965 3357 15
1002 3344 1020 3372 ,
1070 3297 1097 3378 ᾗ
1145 3320 1176 3379 7
1213 3344 1230 3371 ,
1278 3299 1356 3356 D.
1403 3319 1436 3379 7
1474 3344 1491 3370 ,
1541 3318 1561 3354 1
1620 3295 1744 3376 (dc
1787 3295 2188 3373 usufructu).
2501 3324 2517 3340 ,

617 3403 724 3483 (4)
768 3405 835 3462 L.
868 3405 943 3463 23
986 3403 1012 3484 §
1064 3426 1083 3462 1
1111 3449 1127 3478 ,
1174 3406 1254 3464 D.
1296 3401 1334 3461 8
1370 3450 1386 3487 7
1427 3424 1463 3462 2
1500 3404 1626 3480 (de
1666 3406 1874 3463 servit.
1917 3402 2102 3483 praed.
2140 3399 2332 3476 urb.)
2366 3420 2388 3477 ⁰,
2427 3396 2471 3459 l.
2522 3418 2635 3472 ιο,

532 3511 610 3570 D.
656 3510 696 3570 8
726 3558 743 3585 ,
788 3512 824 3570 3
861 3509 990 3588 (de
1033 3531 1187 3572 serv.
1231 3510 1419 3593 praed.
1464 3511 1680 3587 rust.)
1715 3531 1735 3587 3
1779 3509 1823 3571 l.
1857 3530 1928 3568 21
1963 3556 1980 3585 ,
2017 3509 2098 3567 D.
2130 3507 2216 3581 8,
2258 3505 2338 3581 5,
2377 3507 2468 3583 (si
2510 3525 2641 3564 ser-

531 3619 646 3680 vit.
698 3618 1015 3693 vindic.).
1077 3662 1082 3671 .

622 3723 737 3805 (5)
780 3724 847 3781 L.
894 3721 934 3800 4
976 3745 1070 3805 pr.
1115 3725 1193 3782 D.
1227 3720 1269 3782 8
1298 3768 1314 3794 ,
1366 3745 1388 3783 ι
1435 3722 1574 3804 (de
1623 3725 1834 3783 servit.
1868 3721 1954 3802 )3
2000 3717 2361 3793 Schrader,
2409 3716 2637 3777 civilis-

534 3834 722 3895 tisclze
767 3830 1262 3908 Abhandlzmgmz
1296 3879 1312 3907 ‚
1357 3853 1420 3913 p.
1471 3829 1761 3906 324-332.

627 3938 749 4016 (6)
794 3940 861 3997 L.
902 3937 940 4016 4
991 3938 1016 4019 ᾗ
1065 3961 1138 4012 1,
1180 3941 1285 4000 cit.

619 4049 727 4130 (7)
769 4047 840 4105 L.
884 4068 916 4127 7
957 4065 1050 4126 pr.
1079 4086 1098 4119 ‚
1132 4041 1213 4099 D.
1251 4038 1327 4114 8,
1360 4038 1437 4117 4,
1486 4039 1891 4118 (communia
1921 4041 2318 4110 servitut.)·.
