2893 4778
602 343 697 441 98
937 363 1450 413 communen
1501 363 1703 412 smus
1758 357 2043 413 nouam
2095 365 2414 417 rmum-1.

1462 526 1882 621 §xxxv.

694 697 815 764 De
843 699 1028 789 jur-125
1087 698 1359 760 romani
1393 691 1863 786 mter-pretibus
1923 693 2316 764 saeculorum
2391 696 2646 767 XVII

656 865 664 872 .
784 824 854 877 et
884 807 1182 877 XVIII
1208 822 1279 874 et
1298 812 1640 901 praecipue
1665 808 1758 875 de
1787 810 2059 877 Batava
2083 814 2261 904 juris
2301 810 2547 879 schola.

722 974 922 1070 Apud
975 973 1203 1067 Belgas
1260 970 1519 1065 quoque
1560 958 1587 1054 ,‘
1641 947 1879 1046 saemsso'
1922 975 2087 1042 XVI
2123 1028 2140 1055 ‚
2207 975 2533 1043 liberalius
2576 978 2727 1064 juris

605 1092 858 1159 romani
899 1087 1180 1155 studium
1204 1136 1221 1166 ‚
1266 1111 1386 1153 nec
1433 1088 1646 1155 minus
1675 1085 1884 1181 quam¹
1908 1087 2110 1155 literae
2148 1093 2427 1182 antiquae
2469 1092 2551 1157 ab
2583 1116 2732 1156 erun

604 1202 926 1271 ditissimis
964 1201 1116 1268 viris
1158 1198 1523 1280 colebatur,
1564 1212 1630 1267 et
1675 1215 1808 1268 tam
1848 1203 2260 1271 Lovaniensis
2305 1231 2503 1297 quam
2542 1205 2726 1270 Dua-

609 1317 809 1386 censis
861 1314 1259 1382 'Universitas
1302 1313 1636 1407 praeclaros
1681 1316 1963 1383 habuere
2008 1320 2161 1406 juris
2205 1315 2491 1385 doctores
2559 1323 2675 1402 (1)
2709 1368 2728 1398 ‚

611 1425 886 1523 quorum
926 1429 1189 1495 nomina
1216 1426 1537 1520 hodieque
1567 1427 1988 1496 celebrantur.
2021 1431 2278 1497 Primus
2312 1433 2426 1522 qui
2464 1427 2730 1498 Lovanii

612 1542 944 1615 meliorem
998 1539 1564 1633 jurisprudentiam
1617 1541 1839 1610 docuit
1868 1594 1885 1623 ‚
1938 1557 2075 1610 erat
2131 1543 2391 1611 Gabriel
2440 1543 2732 1611 Mudaeus

612 1681 693 1730 ex
743 1642 926 1748 Agro
969 1654 1412 1747 Antuerpiano
1461 1660 1564 1739 (n.
1616 1658 1776 1726 1500
1803 1709 1820 1737 ,
1862 1683 1955 1725 m.
2002 1658 2237 1741 1560),
2272 1660 2383 1751 qui
2416 1659 2487 1724 in
2526 1656 2730 1725 Gallia

611 1761 771 1851 iuris
802 1767 1043 1836 scholas
1078 1766 1593 1861 frequentaverat
1611 1822 1628 1850 ,
1672 1783 1738 1837 et
1769 1772 1838 1836 in
1871 1773 2076 1862 patria
2110 1771 2314 1839 redux
2334 1822 2352 1851 ,
2384 1770 2729 1839 multorum

613 1876 907 1954 virorum*
945 1883 1455 1951 doctissimorum
1491 1896 1843 1976 praeceptor
1866 1882 2095 1950 ‘fact‘us
2135 1899 2245 1953 est.
2293 1885 2548 1953 Horum
2582 1884 2728 1977 plu-

613 1990 765 2067 rimi
815 2012 894 2066 et·
936 1996 1112 2091 apud
1165 1995 1318 2064 alios
1380 1998 1652 2091 populos
1672 2050 1689 2078 ,
1740 2012 1805 2065 et
1861 2002 2211 2090 praesertim
2265 2001 2337 2065 in
2389 2000 2729 2076 Germania

616 2112 889 2181 docuere
914 2163 931 2194 ‚
995 2113 1399 2204 nominisque
1450 2115 1548 2179 sui
1590 2111 1829 2179 famam
1871 2112 2285 2206 reliquerunt.

706 2228 804 2294 De
850 2224 1070 2317 Viglio
1104 2229 1236 2314 jam
1269 2224 1587 2309 diximus3
1629 2251 1965 2317 nunquam
2002 2230 2069 2294 in
2096 2235 2299 2320 patria
2337 2233 2431 2314 jus
2456 2226 2679 2295 docuit
2702 2253 2724 2291 ε

615 2354 896 2410 attamen
929 2338 1144 2407 fautor
1177 2341 1474 2407 omnium
1517 2340 1835 2407 bonarum
1884 2345 2119 2410 artium
2164 2341 2493 2423 excelluit,
2535 2341 2726 2409 colle-

616 2456 798 2547 gium
843 2452 1222 2546 Viglianum
1247 2454 1519 2522 Lovanii
1555 2453 1852 2523 fundavit
1876 2506 1891 2534 ,
1915 2434 2245 2545 ¹hodieque
2277 2454 2430 2520 libri
2466 2458 2727 2521 rariores

614 2594 692 2638 ac
731 2566 981 2634 codices
1013 2569 1431 2658 manuscripti
1470 2568 1553 2631 ab
1587 2592 1665 2634 eo
1698 2566 1948 2634 collecti
1987 2570 2055 2633 in
2090 2568 2352 2661 belgicis
2389 2568 2729 2636 bibliothe-

614 2685 706 2752 cis
732 2695 1038 2775 superant
1075 2688 1219 2770 (2).
1264 2681 1561 2748 Aliorum
1605 2681 2035 2773 quorumdam
2083 2685 2349 2749 nomina
2396 2685 2511 2750 hic
2564 2682 2726 2751 refe·

612 2814 831 2863 remus
869 2823 889 2879 3
927 2808 1078 2862 sunt
1114 2796 1184 2861 hi
1227 2822 1246 2862 z
1301 2796 1524 2862 Petrus
1566 2796 1858 2888 AEgidius
1899 2801 1921 2879 (
1943 2822 2028 2862 m.
2079 2795 2285 2881 1533)
2337 2798 2447 2890 qui
2493 2801 2727 2890 primus

616 2912 910 2987 onmium
976 2911 1224 3001 (1517)
1266 2909 1564 3000 quaedam
1610 2913 1764 2996 juris
1809 2900 2323 2997 antejustinianei
2375 2911 2727 3004 fragmenta

615 3022 969 3119 publicavit
1003 3023 1091 3108 (3)
1118 3051 1136 3104 3
1167 3024 1206 3089 J
1209 3048 1298 3089 ac.
1323 3023 1591 3091 Curtius
1612 3026 1954 3115 Brugensis
1972 3075 1988 3103 ‚
2028 3027 2141 3115 qui
2173 3025 2526 3117 Theophili
2555 3051 2731 3118 para·

614 3136 882 3229 phrasin
942 3135 1187 3227 primus
1269 3132 1468 3204 latine
1539 3139 1735 3203 vertit
1793 3136 2082 3227 (1539);
2151 3136 2227 3203 F.
2281 3137 2723 3217 Damhouder‚

709 3363 811 3450 (1)
852 3358 1283 3423 Accuratiores
1327 3360 1581 3422 notitias
1607 3363 1769 3421 circa
1804 3360 2076 3444 belgicos
2123 3362 2599 3443 jurisconsultos
2632 3365 2733 3424 iu-⁸

615 3470 829 3537 venies
868 3467 935 3528 in
975 3466 1265 3550 Foppens
1312 3488 1500 3549 opere
1539 3489 1561 3527 τ
1591 3467 1973 3530 Bibliotheca
2019 3468 2314 3551 Belgica,
2354 3482 2419 3532 et
2443 3472 2730 3554 Paquoe,

621 3575 959 3637 ,Me'moires
1002 3594 1171 3657 pout·
1207 3576 1399 3634 servir
1454 3577 1503 3633 ὰ·
1526 3573 1818 3637 ΓΙιι’.ςιοίι·ε
1863 3575 2164 3637 litte'raire
2200 3577 2310 3638 des
2354 3578 2693 3657 pays-Bas
2709 3621 2727 3647 ‚

509 3672 514 3676 ⁴
618 3684 658 3743 3
707 3680 836 3746 vol.
893 3678 1005 3742 fol.
1080 3677 1479 3764 1763-17703
1540 3680 1783 3760 Bayle‚
1832 3681 2177 3762 Diction.;
2233 3683 2459 3765 Hugo,
2528 3679 2725 3767 §234

622 3786 920 3863 Haubold
949 3833 968 3862 ‚
1012 3784 1055 3849 l.
1103 3807 1180 3863 c,
1216 3808 1282 3848 n.
1324 3786 1644 3848 CVI-CX.

626 3972 629 3976 Δ
702 3894 817 3981 (2)
857 3892 932 3955 In
958 3885 1333 3954 Lovaniensi
1354 3939 1371 3969 ‚
1396 3892 1780 3956 Bruxellensi
1806 3905 1877 3981 *et
1901 3896 2301 3963 Gandavensi
2329 3856 2723 3961 bibliotheca.

619 3997 863 4061 lee'mis
898 4044 916 4073 ‚
962 3999 1039 4060 T.
1090 3997 1172 4059 V.
1199 4044 1218 4075 ,
1258 4019 1322 4081 p.
1372 3995 1520 4081 314.

706 4106 821 4188 (3)
864 4104 1098 4191 Ilugo,
1141 4102 1175 4186 ᾗ
1226 4102 1364 4190 176.
