2893 4778
967 327 1182 376 mnan
1233 329 1286 376 1.
1338 343 1435 359 -·-
1486 318 1641 377 ου’).
1694 328 1747 377 1.
2275 306 2412 400 175

388 481 449 549 g.
493 450 662 520 Illud
711 463 928 527 autem
973 453 1253 546 interest
1284 453 1451 517 inter
1498 456 1597 538 jus
1644 450 2003 543 legitimum
2048 464 2114 519 et
2153 477 2419 520 consue-

305 568 692 637 tudinarium
724 618 740 646 ‚
787 576 861 633 ut
910 567 1022 657 qui
1068 555 1194 631 hoc
1243 566 1310 630 in
1360 563 1614 653 judiciis
1651 566 1926 656 experiri
1972 565 2214 648 velint,
2258 591 2416 633 con-

302 682 700 752 suetudinem
739 692 910 745 recte
937 681 1347 745 constitutam
1377 679 1648 769 probare
1673 676 1947 745 debeant
1974 731 1990 758 ‚
2027 705 2175 747 cum
2204 680 2423 762 factis,
2544 667 2547 672 f

302 822 442 889 quae
486 818 680 862 nemo
729 796 888 859 scire
938 803 1237 872 tenetur‘,
1294 795 1500 858 omnis
1547 791 1958 860 consuetudo*
1980 796 2234 859 nitatur·
2272 799 2334 877 (“ι
2360 803 2412 880 ).

287 957 292 962 -
386 909 450 975 Ιι.
497 911 671 1000 Quae
721 906 801 975 de
848 905 1328 999 interpretando
1372 918 1436 972 et
1483 904 1859 997 applicando
1902 908 2028 973 suis
2075 909 2277 973 causis
2314 907 2412 974 le·-

299 1028 526 1120 gitimo
573 1026 710 1108 jure
761 1020 1071 1101 diximuS‚
1115 1018 1195 1086 ad
1225 1024 1324 1109 jus
1366 1020 1652 1086 moribus
1695 1022 2114 1087 constitutum
2154 1046 2410 1113 quoque

294 1133 713 1226 producenda
764 1145 913 1200 sunt
963 1138 1096 1217 (2).

389 1250 498 1316 28.
545 1248 790 1315 Eadem
832 1273 907 1314 ac
947 1244 1422 1314 consuetudinis
1472 1258 1567 1314 est
1609 1246 1954 1315 auctoritas
1998 1271 2216 1313 rerum
2255 1273 2414 1340 per-

151 1427 170 1438 ,
298 1376 500 1455 petuo
563 1360 860 1428 similiter
914 1360 1336 1450 judicatarum
1408 1360 1551 1443 (3).
1612 1360 1880 1451 Quoties
1945 1366 2119 1429 enim
2188 1386 2420 1430 norma

301 1476 518 1568 aliqua
566 1503 604 1542 a
650 1475 888 1562 judicio
939 1474 1048 1550 vel⁴
1089 1501 1124 1539 a
1180 1476 1354 1548 curia
1404 1486 1657 1565 recepta
1692 1527 1709 1555 ‚
1770 1480 1840 1540 in
1896 1476 2200 1543 omnibus
2243 1482 2415 1564 ejus—

281 1590 480 1678 ddem*
516 1590 765 1682 generis
808 1591 1005 1656 causis
1026 1639 1043 1669 ,
1101 1602 1464 1656 constanter
1525 1589 1853 1656 observata
1890 1638 1907 1669 ‚
1958 1602 2024 1656 et
2081 1591 2266 1658 rebus
2309 1594 2416 1677 ju—

305 1704 529 1772 dicatis
562 1704 937 1771 confirmata
963 1716 1054 1770 est
1080 1731 1099 1784 3
1137 1702 1297 1798 legis
1327 1706 1536 1770 vicem
1568 1705 1634 1768 in
1663 1704 1864 1769 causis
1892 1702 2120 1769 suturis
2156 1705 2419 1772 obtinet.

393 1820 538 1886 Hoc
583 1823 681 1908 jus
701 1870 720 1899 ,
764 1817 940 1911 quod
987 1842 1151 1910 saepe
1201 1842 1385 1883 usum
1412 1797 1596 1907 sori,
1622 1821 1885 1909 praxin
1932 1816 2049 1900 (la
2076 1822 2417 1910 jurispru-

277 1935 525 2018 ·dence
575 1931 699 1998 des
747 1939 961 2012 arreps
990 1939 1009 2017 )
1043 1944 1277 2006 vocant
1305 1983 1320 2010 ‚
1370 1957 1504 1997 uon
1557 1944 1773 2005 tamen
1819 1955 1962 1997 eam
2009 1931 2208 1999 habet
2237 1935 2416 2015 ⁰vim,

305 2062 381 2116 ut
434 2047 592 2139 legis
638 2048 1080 2114 auctoritatem
1130 2048 1383 2114 vincere
1431 2048 1625 2136 possit
1662 2072 1679 2126 ;
1728 2045 1849 2110 hac
1878 2046 2141 2120 ,ratione
2188 2045 2422 2114 dicitur

298 2179 439 2228 non
487 2158 797 2252 exemplis
848 2159 957 2226 sed
996 2159 1242 2251 legibus
1291 2184 1419 2227 esse
1470 2157 1886 2247 judicandum
1938 2157 2017 2244 (4
2032 2169 2075 2243 ).

273 2510 278 2515 ⁵
398 2531 422 2610 (
453 2530 525 2613 ι)
574 2531 669 2592 De
690 2533 872 2594 modo
891 2532 1195 2615 probandi
1218 2555 1276 2595 v.
1314 2516 1539 2609 Clark,
1569 2534 1988 2595 Commentar.
2024 2530 2052 2614 ᾗ
2085 2528 2161 2615 87
2184 2579 2200 2606 ,
2242 2532 2318 2591 T.
2353 2534 2421 2609 Ι,

307 2663 380 2725 p.
429 2637 743 2729 476-488.
788 2639 968 2702 Haud
1010 2639 1330 2723 probanda
1373 2641 1495 2701 erit
1534 2638 1915 2700 consuetudo
1963 2637 2212 2721 publice
2248 2650 2420 2700 nota.

397 2798 517 2879 (2)
562 2798 658 2858 Ita
691 2819 759 2857 v.
803 2796 1528 2878 Wening—Inge‘nheim
1556 2843 1575 2874 ‚
1616 2797 1932 2857 Lehrbuch
1955 2844 1973 2874 ‚
2027 2796 2054 2880 §
2094 2818 2157 2857 11
2191 2844 2207 2872 ,
2258 2798 2325 2857 in
2356 2797 2408 2858 f.

309 2905 539 2982 Quoad
566 2906 1143 2988 interpretationem
1162 2910 1376 2966 contra
1397 2907 1587 2966 sentit
1605 2900 1979 2988 Sc'hweppe,
2005 2904 2033 2987 §
2054 2902 2132 2982 34
2150 2953 2166 2981 ,
2182 2904 2249 2964 in
2268 2905 2416 2965 fine.

401 3062 513 3141 (3)
557 3058 755 3121 L.·38
784 3106 803 3135 ‚
847 3059 892 3119 f.
919 3061 1000 3120 D.
1051 3081 1072 3118 1
1103 3108 1120 3136 ‚
1162 3060 1197 3119 3
1246 3059 1361 3139 (h.
1395 3071 1441 3121 t.
1464 3061 1507 3140 ).
1542 3058 1848 3121 Heraldus
1871 3060 1941 3120 in
1979 3060 2232 3122 Ottonis
2258 3059 2426 3122 The-

281 3185 498 3227 ·sauro
529 3212 547 3241 ‚
594 3165 672 3224 Τ.
724 3185 760 3223 2
795 3212 813 3241 ‚
866 3186 930 3246 p.
985 3187 1132 3249 ¹077
1163 3177 1226 3225 et
1256 3188 1382 3248 seq.
1437 3167 1508 3226 C.
1549 3166 1625 3228 F.
1655 3167 1965 3249 Zepernik
1992 3212 2009 3237 ,
2053 3166 2318 3227 diatribe
2348 3168 2428 3227 de

285 3284 434 3333 'ren
464 3290 643 3355 perp.
691 3271 826 3351 jud.
869 3282 1031 3363 eunt.
1078 3272 1246 3354 apud
1288 3256 1468 3334 Rom.
1508 3274 1572 3332 in
1609 3274 1799 3354 ejusd.
1842 3272 2110 3334 editione
2143 3275 2428 3355 Siccamae

310 3400 421 3460 op.
482 3377 561 3437 de
603 3376 733 3460 jud.
791 3380 1163 3440 centumvir.
1228 3401 1293 3461 p.
1355 3377 1519 3456 284,-
1575 3377 1688 3440 cel.
1735 3379 1816 3441 H.
1877 3380 1954 3440 G.
2015 3379 2427 3462 Ty'demann,

311 3485 468 3547 diss.
518 3486 598 3545 de
657 3485 790 3546 reb.
846 3485 977 3567 jud.
1039 3507 1163 3546 non
1218 3487 1546 3565 rescind.3
1596 3486 1801 3570 Lugd.
1856 3487 1990 3548 Bat.
2034 3506 2188 3569 1799
2222 3533 2239 3562 ‚
2292 3481 2424 3564 4to.
2503 3536 2507 3541 .

312 3590 618 3674 Exempla
649 3590 865 3654 habes.
901 3593 968 3653 in
1014 3590 1059 3652 l.
1110 3612 1182 3652 12
1215 3640 1233 3669 ‚
1284 3592 1313 3675 ᾗ
1355 3592 1444 3669 5,
1485 3594 1559 3655 C.
1604 3593 1647 3671 4
1676 3639 1696 3671 ,
1739 3616 1759 3653 1
1795 3642 1812 3670 ‚
1857 3593 1988 3674 (de
2034 3592 2165 3657 reb.
2209 3592 2422 3673 cred.)

313 3697 364 3758 l.
413 3698 477 3758 11'
510 3743 527 3773 ‚
576 3698 650 3758 C.
690 3718 753 3779 9.
790 3696 868 3759 35
912 3697 1025 3778 (de
1067 3700 1295 3780 injur.)
1340 3697 1386 3758 l.
1434 3696 1514 3779 4,
1550 3698 1628 3759 C.
1674 3720 1709 3782 7
1747 3746 1763 3774 ‚
1810 3698 1890 3776 45
1935 3698 2052 3778 (de
2089 3699 2419 3777 sentent.).

401 3850 518 3932 (4)
565 3851 644 3912 L.
676 3852 746 3913 13
778 3898 796 3929 ,
831 3851 904 3912 C.
953 3875 986 3936 7
1023 3900 1039 3928 ,
1079 3853 1200 3930 45,
1239 3854 1259 3932 (
1291 3853 1369 3914 de
1411 3864 1571 3914 sent.
1620 3840 1826 3937 quoe.)
1873 3852 2013 3913 Haec
2047 3874 2204 3934 saepe
2237 3851 2282 3912 l.
2325 3852 2423 3915 38.

313 3963 427 4022 cit.
489 3961 804 4022 contraria
866 3958 1153 4022 habetur.
1225 3963 1479 4045 Optime
1536 3960 1654 4022 hoc
1719 3961 1901 4024 modo
1955 3973 2215 4046 uterque
2254 3962 2426 4026 locus

318 4066 645 4129 conciliari
694 4088 871 4150 posse
917 4068 1195 4131 videtur.
1253 4068 1691 4153 Smallenburg
1725 4116 1743 4149 ‚
1801 4069 1846 4132 l.
1894 4092 1950 4138 c.
1997 4093 2060 4157 p.
2112 4092 2255 4155 1⁰7·
