2893 4778
903 312 1132 370 Lmen·
1174 327 1222 369 1.
1280 342 1368 354 --
1425 326 1581 373 car.
1638 326 1703 374 v.
2189 304 2333 402 299

215 460 289 516 ut
332 472 477 515 reus
527 434 906 540 exceptione
948 498 965 528 ,
1004 471 1041 512 e
1086 445 1267 538 lapsu
1311 449 1615 541 temporis
1676 447 1962 517 desumta
1993 499 2011 527 ‚
2055 461 2333 516 actorem

199 560 524 654 repellere
568 565 779 654 possit.
816 563 971 628 Haec
1008 564 1298 655 exceptio
1331 566 1723 654 praescriptio
1754 562 2025 642 dicitur,
2056 553 2123 629 et
2154 589 2187 628 a
2236 587 2341 630 re-

214 680 608 747 centioribus
619 683 1033 772 praescrzptio
1051 680 1379 745 actionum
1406 683 1770 745 extinctiva
1787 729 1803 757 ‚
1826 691 1900 744 ut
1928 677 2076 745 inde
2096 703 2131 742 a
2147 702 2345 769 praes-

218 794 533 886 criptione
596 796 1008 885 acquzkitiva.
1045 805 1112 858 et
1180 791 1442 882 reliquis
1502 791 1955 883 distinguatur.
2024 790 2343 880 Quaedam

220 910 500 976 actiones
557 914 687 997 jam
753 910 953 976 veteri
1012 911 1152 995 jure
1215 909 1516 999 praetorio
1566 908 1996 975 brevioribus·
2040 909 2343 999 temporis

224 1020 558 1090 curriculis
598 1036 782 1097 erant
828 1023 1321 1117 circumscriptas
1358 1074 1375 1103 ‚
1432 1020 1707 1113 indeque
1759 1025 2034 1089 actiones
2084 1035 2347 1114 tempo-

222 1128 381 1208 rales
452 1138 643 1206 diczae
701 1145 813 1224 (1)
856 1164 908 1220 ,⁴
944 1163 1095 1205 cum
1137 1138 1402 1230 reliquae
1476 1150 1798 1229 perpetuae
1851 1136 2340 1231 appellarentur.

221 1253 730 1323 Constitutione<
776 1252 1125 1320 Theodosii
1198 1256 1260 1319 Π
1336 1276 1489 1323 vero
1554 1257 1770 1337 (anno
1850 1251 1985 1335 424
2067 1253 2338 1337 emissa)

222 1373 419 1437 etiam
463 1395 582 1462 pro
640 1371 740 1436 his
791 1372 1185 1465 'praescriptio
1235 1369 1598 1439 introducta
1645 1381 1738 1436 est
1783 1369 2049 1458 triginta
2102 1366 2342 1465 scilicet

229 1504 546 1551 annorum
591 1491 714 1569 (2),
752 1484 927 1576 quod
959 1489 1056 1573 jus
1084 1485 1164 1549 ab
1207 1484 1538 1551 Anastasio
1557 1534 1575 1565 ,
1602 1483 1850 1549 Justino
1877 1507 1950 1549 ac
1977 1482 2336 1549 Justiniano

230 1598 765 1678 confirmabatur,
812 1599 937 1665 hoc
992 1611 1209 1664 tamen
1246 1612 1524 1678 mutatu,
1577 1611 1683 1678 ut,
1714 1597 2019 1690 quasdam
2058 1598 2336 1663 actiones

229 1735 361 1778 non
385 1712 507 1778 nisi
540 1724 683 1803 post
714 1711 835 1776 XL
869 1735 1184 1779 annorum
1222 1713 1496 1803 spatium
1523 1713 1845 1803 exstingui
1875 1735 2084 1802 posse,
2120 1715 2335 1777 sanci-—

222 1838 425 1893 retur.
485 1827 640 1892 Haec
673 1826 939 1918 triginta
987 1824 1088 1893 vel
1124 1825 1547 1918 quadraginta
1582 1851 1900 1893 annorum
1935 1828 2333 1918 praescriptio

223 1939 396 2033 apud
442 1965 659 2006 omnes
699 1939 831 2006 fere
873 1940 1141 2035 populos
1177 1954 1430 2034 recepta
1465 1953 1593 2023 est,
1651 1954 1717 2008 et
1764 1943 1834 2006 in
1886 1944 2068 2010 novis
2110 1940 2332 2032 legum

224 2054 549 2125 codicibus
582 2067 843 2122 servata.

323 2168 465 2259 167.
511 2168 676 2258 Quae
718 2169 847 2235 sint
886 2168 1260 2260 temporales
1318 2172 1596 2236 actiones
1642 2171 1747 2255 (3)
1806 2182 1873 2236 et
1921 2169 2162 2261 quibus
2190 2183 2330 2239 ter-

223 2284 415 2351 minis
452 2283 760 2352 finiantur
784 2336 801 2364 ‚
848 2284 1244 2351 commodius
1283 2283 1362 2349 de
1415 2283 1683 2376 singulis
1722 2284 1949 2350 iisdem
1993 2297 2328 2375 tractantes

227 2398 507 2470 dicemus
555 2426 574 2466 z
622 2397 915 2492 plurimae
971 2424 1191 2469 earum
1248 2400 1501 2467 annales
1561 2415 1711 2468 sunt
1729 2448 1756 2482 ,
1816 2400 1989 2469 velut
2053 2402 2327 2469 actiones

153 2521 158 2524 ’
224 2511 499 2605 poenales
521 2513 861 2605 praetoriae,
899 2526 964 2579 et
1001 2513 1293 2605 quaedam
1325 2512 1663 2580 interdicta
1681 2565 1698 2595 ,
1739 2512 1877 2580 aliae
1904 2512 2328 2605 quadriennio
2444 2533 2449 2546 ‘

221 2624 321 2693 vel
364 2627 807 2719 quinquennio
849 2626 1185 2696 tolluntur.
1231 2629 1529 2721 Triginta
1571 2652 1891 2697 annorum
1937 2630 2327 2721 praescriptio

227 2767 379 2811 vero
426 2742 714 2837 vulgaris
769 2755 836 2810 et
887 2748 1248 2811 communis
1268 2758 1401 2830 est3
1452 2733 1890 2840 ‘quadraginta
1945 2748 2127 2812 annis
2186 2748 2331 2846 sin-

225 2856 431 2952 gulari
454 2861 591 2951 jure
614 2858 1113 2951 praescribuntur
1152 2860 1252 2927 hae
1294 2861 1610 2926 actiones:

309 3220 412 3294 (1)
455 3216 562 3279 Pr.
609 3218 660 3278 I.
706 3216 773 3278 h.
816 3229 866 3280 t.

310 3326 437 3401 (2)
484 3325 551 3386 L.
594 3327 671 3403 3,
716 3326 787 3387 C.
824 3325 891 3388 h.
930 3337 980 3387 t.
1020 3326 1302 3388 desumta
1351 3347 1422 3387 ex
1460 3325 1505 3389 Ι.
1546 3347 1655 3386 un.
1694 3323 1767 3384 C.
1797 3321 2038 3383 Theod.
2096 3319 2177 3399 4,
2221 3319 2328 3397 14,

233 3430 357 3509 (de
406 3434 630 3492 action.
685 3443 851 3494 certo
921 3445 1109 3515 temp.
1170 3434 1523 3514 finiendis).
1573 3433 1710 3493 Jam
1750 3444 1896 3492 ante
1950 3429 2125 3490 illam
2175 3449 2332 3511 prae·

234 3539 635 3620 scriptionem
653 3539 1024 3620 quibusdam
1052 3543 1119 3600 in
1148 3542 1346 3601 causis
1384 3540 1724 3600 obtinuisse
1756 3587 1772 3615 ‚
1806 3537 2095 3599 concludi
2130 3545 2335 3617 potest

237 3665 308 3703 ex
355 3644 712 3727 Symmachi
758 3648 942 3728 epist.
998 3646 1058 3706 V
1099 3695 1116 3725 ,
1161 3645 1236 3709 52
1264 3633 1290 3725 ςΔ
1347 3645 1643 3728 Procopii
1685 3644 2047 3707 Vandalicis
2078 3691 2094 3720 ‚
2142 3663 2197 3701 c.
2253 3643 2331 3719 33

234 3752 519 3832 Cujacius
554 3751 686 3812 obs.
726 3751 832 3828 18,
892 3753 1015 3828 28,
1056 3776 1240 3836 quem
1270 3756 1450 3836 sequi
1478 3754 1727 3816 videtur
1763 3748 2032 3812 Vazeille
2067 3772 2131 3832 p.
2173 3751 2330 3832 2933

228 3857 649 3920 Theodosium
707 3878 998 3941 magnum
1067 3860 1258 3941 hujus
1315 3861 1469 3944 juris
1537 3869 1851 3923 auctorem
1920 3855 2092 3919 dicit.
2170 3856 2333 3916 Vide

241 3964 720 4041 Uneerholzner,
774 3987 838 4048 p.
884 3964 1037 4043 338,
1079 3968 1218 4049 339.

311 4076 442 4152 (3)
487 4073 719 4136 Omnes
771 4086 1088 4136 enumerat
1149 4075 1459 4153 ΤΙιιἹιαιιι,
1509 4077 1764 4158 hystein.
1814 4072 1874 4157 §§
1931 4071 2330 4154 1035--1037.
