2893 4778
559 303 702 398 558
868 289 1380 378 conmanunn
1431 326 1635 378 smus
1688 330 1972 378 nomm
2024 321 2342 381 rmvm'.
2461 387 2476 394 ,

557 476 725 519 nova
775 455 1007 544 species
1048 477 1124 517 ex
1182 477 1251 517 re
1305 450 1586 544 obligata
1628 450 1825 519 fuerit
1867 452 2031 520 sacta
2058 505 2077 533 ‚
2129 458 2197 520 in
2241 480 2318 522 eo
2361 479 2506 524 casu
2549 480 2681 524 so-x

551 565 879 634 lummodo
936 568 1168 658 pignus
1232 568 1634 657 extinguitur
1675 618 1692 646 ‚
1775 591 1905 658 quo
1977 565 2337 634 dominium
2403 593 2660 660 quoque

550 683 845 749 amissum
891 680 1107 748 fuisset
1132 731 1151 761 ,
1195 682 1256 747 h.
1305 705 1359 747 e.
1400 681 1455 745 si
1492 705 1590 745 res
1634 679 1713 746 ad
1753 682 2090 771 pristinam
2131 680 2403 748 formam
2439 681 2660 752 reduci

548 799 774 887 nequit
802 800 823 880 (
854 821 872 860 ι
903 803 952 879 ).
1008 795 1079 862 Si
1108 796 1321 862 omnia
1358 795 1526 861 bona
1546 794 1934 886 obligaverat
1966 794 2217 863 debitor
2234 846 2252 877 ,
2282 821 2378 863 res
2404 818 2441 863 a
2463 810 2660 863 semet

550 913 687 1004 ipso
715 912 783 977 in
817 935 1050 977 novam
1076 909 1349 977 formam
1372 922 1616 975 mutata
1641 908 1922 1001 obligata
1946 935 2072 976 esse
2101 935 2236 977 non
2276 910 2518 977 desinit
2546 917 2657 996 (2).
2716 971 2722 980 ,

728 1126 759 1210 §
805 1122 895 1190 V.
957 1122 1070 1189 De
1112 1124 1347 1192 ceteras
1383 1126 1672 1213 pignora
1718 1122 2202 1213 exstinguendi
2237 1127 2468 1188 σαιιςὶε.

640 1333 800 1421 399.
848 1330 1127 1399 Tollitur
1162 1330 1437 1423 denique
1460 1329 1823 1423 hypotheca
1844 1381 1862 1409 ,
1901 1332 1994 1397 rei
2020 1334 2373 1423 pigneratae
2397 1330 2662 1399 distrac-

544 1447 720 1513 tione
762 1472 801 1512 a
840 1446 1151 1514 creditore
1196 1446 1362 1513 facta
1383 1496 1399 1524 ‚
1449 1443 1529 1509 de
1574 1469 1699 1536 qua
1754 1449 1884 1531 jam
1927 1448 2335 1514 tractavimus
2360 1496 2377 1526 ‚
2438 1459 2656 1512 etex-

548 1560 857 1640 tinctione
903 1558 1101 1625 debiti
1138 1561 1553 1651 pigneratitii.
1608 1559 2015 1650 Quocunque
2045 1560 2222 1626 enim
2252 1558 2449 1625 modo
2480 1556 2655 1625 obli-

548 1674 721 1765 gatio
754 1724 773 1752 ‚
837 1697 960 1765 pro
1013 1699 1140 1765 qua
1198 1673 1559 1766 hypotheca
1621 1676 1962 1741 constituta
2016 1688 2109 1741 est
2150 1727 2168 1756 ‚
2235 1674 2492 1741 tollatur
2512 1725 2531 1754 ‚
2579 1698 2656 1740 ea

546 1783 791 1854 sublata
860 1799 927 1852 et
990 1789 1226 1879 pignus
1278 1790 1724 1879 exstinguatur
1792 1801 2042 1880 oportet
2083 1840 2102 1869 ‚
2158 1790 2291 1856 sive
2355 1788 2658 1855 creditori

539 1899 927 1968 satisfactum
971 1903 1086 1982 sit,
1131 1903 1261 1969 sive
1306 1925 1440 1967 non
1492 1902 1615 1988 (3)
1645 1926 1802 1985 3nec
1846 1906 2103 1969 interest
2128 1904 2263 1994 ipso
2305 1906 2444 1988 jure
2481 1900 2651 1966 libe-

545 2025 721 2079 ratus
747 2012 943 2080 fuerit
973 2012 1225 2079 debitor
1258 2017 1342 2078 an
1380 2014 1768 2104 exceptionis
1791 2036 1909 2105 ope
1956 2010 2031 2096 (4
2050 2021 2099 2094 ).
2135 2013 2409 2104 Oportet
2436 2025 2651 2078 autem

543 2139 747 2196 totam
799 2125 1260 2219 obligationem
1309 2149 1435 2192 esse
1484 2125 1774 2207 finitam3
1830 2107 2138 2217 quamdiu
2176 2122 2275 2190 vel
2307 2126 2650 2189 minimum

539 2237 856 2322 debetur,
931 2240 1294 2333 hypotheca
1349 2239 1625 2306 subsistit
1696 2238 1808 2323 (5)
1890 2236 2071 2321 (vide
2135 2250 2240 2303 n0.
2294 2237 2463 2327 357,
2506 2236 2567 2301 b.
2595 2243 2645 2319 ).

540 2353 765 2446 Neque
840 2355 1068 2422 sufficit
1129 2353 1213 2421 ad
1285 2377 1426 2420 eam
1484 2350 1968 2419 rescindendam
2018 2403 2036 2434 ,
2107 2363 2182 2419 ut
2255 2353 2518 2418 actioni-
2563 2374 2647 2416 ex

538 2463 755 2536 debito
802 2468 976 2535 locus
1014 2492 1141 2534 esse
1187 2467 1439 2535 desierit
1474 2519 1491 2546 ,
1541 2492 1691 2532 nam
1743 2465 2011 2534 durante
2061 2465 2338 2541 naturali
2390 2464 2645 2556 obliga-

535 2584 714 2650 tione
761 2587 862 2670 jus
903 2583 1192 2676 pignoris
1234 2580 1478 2650 salvum
1519 2594 1612 2648 est
1658 2582 1807 2668 (6).

622 2901 744 2983 (1)
784 2900 854 2963 L.
909 2900 980 2964 18
1011 2947 1028 2979 ,
1077 2899 1224 2986 §>3,
1270 2902 1350 2963 D.
1404 2903 1515 2980 13,
1561 2925 1595 2986 7
1641 2900 1896 2985 (eodem
1933 2899 2185 2983 titulo).

620 3009 738 3088 (2)
785 3008 1054 3086 Quidam
1094 3030 1416 3090 nunquam
1463 3011 1689 3091 pignus
1726 3009 1981 3070 interire
2030 3019 2260 3091 putant
2285 3055 2304 3084 ,
2342 3008 2395 3068 si
2433 3028 2526 3068 res
2554 3006 2637 3068 ab

539 3112 678 3196 ipso
719 3114 998 3176 debitore
1037 3116 1104 3174 in
1145 3137 1369 3176 novam
1425 3116 1686 3198 speciem
1730 3114 2033 3176 translata
2078 3119 2160 3176 sit
2190 3161 2208 3191 ,
2251 3127 2323 3175 ut
2358 3115 2521 3175 Voet
2559 3113 2642 3174 ad

535 3220 733 3281 Pand.
773 3222 929 3296 XX,
981 3219 1132 3303 6‚§
1185 3219 1279 3298 14.
1321 3222 1407 3282 Iis
1467 3243 1615 3283 vero
1660 3221 1865 3283 obstat
1922 3221 1966 3282 l.
2023 3221 2136 3299 18,
2186 3221 2217 3305 §
2263 3223 2300 3282 3
2331 3269 2350 3298 ,
2391 3223 2470 3282 D.
2520 3223 2648 3285 cit.

569 3307 574 3314 Ι
620 3326 727 3408 (3)
768 3327 837 3387 L.
884 3325 926 3388 6
976 3348 1118 3409 pn,
1174 3327 1255 3388 D.
1301 3326 1367 3386 h.
1425 3337 1517 3406 t.;
1568 3327 1614 3388 l.
1677 3348 1701 3388 1
1754 3328 1825 3388 C.
1878 3325 2132 3410 3‚·28‡,
2176 3326 2305 3408 (de
2348 3325 2630 3386 disti-act.

534 3432 709 3514 pign.
737 3432 821 3509 >3
860 3429 906 3491 l.
952 3432 989 3491 3
1039 3431 1111 3490 C.
1149 3430 1231 3509 8,
1277 3433 1347 3493 31
1379 3476 1400 3506 ,
1441 3432 1577 3510 (de
1623 3431 2043 3516 luit.sspign.).

620 3535 721 3620 (4)
765 3537 835 3598 L.
879 3535 920 3614 4
981 3538 1060 3599 D.
1117 3558 1243 3615 20,
1312 3537 1352 3618 4
1387 3584 1405 3614 ,
1468 3540 1623 3621 (qui
1674 3542 1902 3621 potior.
1963 3541 2030 3598 in
2082 3537 2363 3619 pign.);
2436 3530 2481 3596 l.
2557 3535 2629 3596 13

533 3644 624 3705 D.
647 3642 716 3704 h.
746 3654 793 3704 t.
824 3661 845 3721 ς
882 3641 926 3702 l.
963 3662 1037 3725 ¹9
1080 3642 1151 3703 C.
1183 3641 1224 3719 4
1247 3690 1266 3719 ,
1298 3644 1377 3702 32
1402 3689 1419 3721 ,
1464 3644 1584 3722 (de
1611 3646 1880 3724 usuris).
2648 3653 2652 3657 ’

618 3748 732 3831 (5)
774 3749 843 3810 L.
884 3769 966 3831 9,
1012 3747 1155 3830 §3,
1197 3749 1274 3808 D.
1329 3751 1446 3823 13,
1502 3769 1580 3830 7,
1630 3753 1782 3826 (tit.
1829 3747 2032 3829 cit.);
2087 3744 2131 3808 l.
2171 3746 2213 3809 6
2248 3747 2341 3807 C.
2378 3745 2457 3822 8,
2502 3744 2624 3820 28,

533 3856 675 3937 (tit.
716 3859 925 3937 cit.);
985 3853 1033 3915 l.
1087 3873 1124 3914 2
1164 3855 1235 3916 C.
1273 3853 1349 3930 8,
1390 3875 1514 3938 29,
1564 3859 1593 3928 (
1605 3855 1950 3917 debitorem
1994 3854 2178 3916 vend.
2223 3854 2348 3937 pig.
2387 3851 2640 3937 imped-

534 3981 660 4025 non
702 3965 951 4044 posse).

619 4071 723 4173 (6)
765 4074 835 4134 L.
887 4073 1001 4150 14,
1047 4071 1079 4154 f
1130 4092 1201 4150 ι,
1241 4070 1483 4151 nno,
1534 4060 1799 4151 1,-(tit'.
1845 4074 2037 4161 cin).
2095 4058 2102 4063 .
