2893 4778
985 350 1507 422 lurnonucrto.
2215 357 2305 434 77

191 494 410 566 saeculo
465 497 716 565 decimo
751 495 856 567 vel
899 497 1235 566 undecimo
1288 503 1357 565 in
1403 498 1587 568 Italia
1639 502 2097 594 compositum,
2139 504 2315 598 quod

192 627 249 680 et
274 616 491 706 ipsum
529 614 700 702 juris
742 613 992 679 romani
1021 615 1469 680 auctoritatem
1499 626 1761 681 testatur
1807 643 1823 679 ε
1869 629 1959 682 est
2000 615 2161 683 illud
2195 617 2315 685 sub
2412 667 2415 676 1

191 730 450 794 nomine
495 726 884 823 Brachylogi
928 726 1027 793 vel
1059 728 1343 820 corporis
1379 727 1598 820 legum
1616 782 1633 810 ‚
1661 731 1886 821 saepius
1918 730 2320 824 publicatum

192 853 251 906 ct
291 840 822 906 Institutionibus'
851 843 1241 927 justinianeis
1289 843 1689 909 simillimum
1742 850 1859 928 (1).

275 953 681 1021 Naturaliter
725 979 881 1048 ergo
932 956 1227 1021 effectum
1269 971 1361 1026 est
1390 989 1410 1035 ‚¹
1465 970 1540 1024 ut
1573 1009 1590 1038 ,
1643 982 1792 1023 cum
1852 955 2080 1051 populi
2121 956 2319 1027 liber-

200 1079 319 1135 tate
374 1073 677 1136 restituta
724 1081 788 1134 et
841 1083 1203 1136 renascente
1251 1070 1583 1137 literarum
1633 1072 1885 1138 cultura
1919 1124 1936 1153 ,
1997 1074 2152 1161 juris
2201 1097 2320 1142 ro-

200 1187 364 1253 mani
397 1184 694 1252 studium
725 1185 1185 1270 refloresceret3
1214 1188 1566 1277 praesertim
1592 1211 1739 1253 cum
1770 1179 2000 1279 magna
2032 1201 2321 1258 veterum

202 1301 661 1392 imperatorum
690 1299 1030 1391 legumque
1077 1323 1486 1367 romanarum
1514 1312 1669 1367 esset
1699 1300 1866 1366 fama
1888 1351 1908 1382 ‚
1952 1304 2324 1396 curiosiores

203 1415 488 1481 homines
535 1413 619 1479 ad
674 1413 1149 1481 celeberrimam
1189 1415 1345 1502 juris
1391 1414 1834 1515 collectionem
1886 1415 2318 1510 indagandam

207 1531 653 1596 excitarentur.

286 1645 464 1732 Juris
517 1643 772 1709 romani
817 1645 1258 1713 auctoritatem
1297 1641 1472 1736 apud
1522 1640 2017 1736 Burgundiones
2048 1697 2065 1726 ‚
2114 1643 2322 1715 Wisi-

214 1755 434 1848 gotbos
474 1806 493 1837 ‚
565 1778 818 1821 necnon
904 1750 1073 1847 apud
1131 1754 1410 1822 Francos
1465 1751 1663 1848 primi
1722 1754 1956 1822 harum
2027 1758 2321 1847 gentium

213 1893 381 1961 reges
413 1881 942 1958 conservaverant
983 1896 999 1935 ε
1033 1867 1112 1935 de
1141 1868 1617 1936 collectionibus
1637 1871 1716 1934 ab
1755 1868 1877 1935 illis
1911 1868 2090 1936 factis
2128 1893 2321 1962 supra

213 1984 634 2054 tractavimus.
679 1979 889 2049 Multa
935 1996 1156 2051 extant
1198 1983 1557 2053 teSHmonia
1590 2037 1607 2065 ‚
1644 2007 1785 2078 quae
1829 1988 2109 2078 probant
2138 2038 2154 2066 ‚
2205 2011 2323 2078 per

219 2123 394 2165 omne
439 2097 730 2165 medium
789 2122 997 2166 aevum
1049 2101 1121 2164 in
1181 2097 1555 2193 regionibus
1599 2079 2120 2182 meridionalibus
2164 2091 2328 2166 Gal-

220 2211 341 2293 liae,
373 2216 575 2280 etiam
602 2226 939 2305 postquam
972 2240 1006 2279 a
1046 2213 1309 2281 Francis
1338 2228 1523 2281 erant
1548 2229 1901 2307 occupatae,
1937 2213 2073 2280 illas
2104 2217 2172 2280 in
2209 2239 2329 2282 usu

219 2331 624 2423 permansisse
702 2354 823 2423 pio
880 2328 1102 2396 incolis
1151 2332 1401 2425 origine
1471 2334 1748 2398 romanis
1780 2381 1797 2411 ‚
1863 2330 2019 2397 dum
2072 2327 2329 2397 barbari

224 2447 576 2540 germanica
605 2450 749 2533 juia
780 2444 1232 2545 profiterentur
1266 2452 1384 2532 (2).
1416 2445 1526 2511 Jus
1562 2445 2018 2533 justinianeum
2040 2443 2132 2513 ibi
2149 2470 2339 2539 quo-

223 2583 335 2649 que
381 2559 667 2623 innotuit
722 2582 854 2625 non
909 2557 1114 2624 solum
1172 2558 1344 2649 apud
1397 2552 1706 2639 cleri008‚
1773 2554 1884 2641 sed
1936 2573 2001 2624 et
2055 2559 2124 2625 in
2179 2583 2331 2651 par-

221 2672 383 2737 tibus
472 2670 891 2763 burgundicii
960 2687 1143 2737 antea
1218 2673 1479 2763 regni,
1445 2670 1476 2713 7·
1548 2670 1701 2737 libii
1770 2672 1961 2761 hujus
2033 2677 2237 2761 juris
2261 2674 2333 2739 in

223 2784 466 2871 judiciis
536 2785 809 2851 consulti
855 2838 873 2866 ‚
932 2799 997 2852 et
1062 2784 1143 2851 ad
1204 2810 1430 2851 eorum
1488 2797 1802 2879 praecepta
1872 2782 2128 2878 negotia
2179 2789 2335 2873 juris

224 2898 475 2969 condita
526 2898 706 2966 fuere
757 2899 899 2989 (3),
955 2901 1199 2966 Extant
1248 2901 1691 2991 excerptiones
1755 2900 1913 2988 juris
1954 2904 2205 2967 romani
2251 2928 2332 2968 ex

302 3166 390 3251 (ι)
432 3168 529 3228 De
575 3175 753 3228 aetate
796 3164 977 3247 hujus
1023 3166 1209 3243 libri,
1261 3166 1329 3228 in
1381 3162 1589 3229 Gallia
1630 3158 1855 3251 saepius
1906 3180 1976 3231 ut
2022 3167 2088 3231 in
2120 3167 2338 3254 Belgio

225 3273 443 3336 saeculo
481 3275 636 3336 XVI
677 3273 980 3356 publicati
1021 3322 1038 3350 ,
1086 3273 1353 3335 multum
1381 3275 1772 3358 disputatum
1802 3277 1941 3373 fuit.
1989 3272 2339 3340 Novissime

224 3384 538 3464 prodierat
580 3380 802 3442 edente
838 3381 1305 3464 Senekenberg,
1333 3378 1732 3444 Francofurti
1759 3427 1777 3457 ,
1830 3381 2017 3468 1743,
2050 3379 2177 3461 cito.
2208 3431 2227 3460 ,
2274 3394 2340 3445 et

223 3492 486 3554 Lovauii
535 3493 756 3555 edente
795 3492 1011 3568 Nelis,
1064 3493 1237 3577 1761.
1291 3510 1465 3574 12⁰.3
1525 3516 1743 3558 verum
1791 3494 2068 3556 indolem
2125 3497 2337 3577 operis

228 3598 443 3662 definit
488 3597 799 3684 Savigny,
844 3598 887 3661 l.
940 3624 993 3661 c.
1026 3601 1102 3662 Τ.
1149 3603 1232 3663 11.
1267 3624 1332 3685 p.
1377 3596 1683 3665 238-286.
1731 3603 1893 3666 Vide
1932 3612 1995 3664 et
2035 3597 2332 3682 The'mis,

230 3714 374 3769 tom.
414 3706 495 3767 V.
546 3727 607 3788 p.
656 3704 798 3767 266.

313 3815 420 3893 (2)
461 3808 741 3873 Exhibet
785 3809 1244 3896 quamplurima
1292 3769 1646 3876 testimonia
1691 3810 2017 3897 Savigny,
2077 3808 2148 3875 C.
2199 3813 2349 3893 ῙΧ,

238 3922 1172 4008 p.1o1-119.Formularum
1203 3922 1602 3985 collectiones
1655 3924 1720 3987 id
1771 3943 2021 4010 quoque
2076 3926 2347 4009 probant

244 4052 348 4093 nec
385 4036 592 4094 minus
641 4034 779 4113 ipsa
806 4032 1186 4114 capitularia
1221 4081 1237 4107 ‚
1287 4032 1374 4093 ib.
1424 4055 1488 4115 p.
1535 4055 1777 4116 91-100
1822 4047 1886 4099 et
1930 4056 1996 4119 p.
2052 4055 2345 4119 122·129‹

327 4140 423 4223 (3)
468 4141 862 4201 Documenta
903 4136 1390 4222 locupletissima
1436 4137 1688 4203 exhibet
1728 4142 2003 4228 Savigny
2032 4189 2054 4224 ,
2096 4140 2167 4205 ll.
2208 4159 2301 4204 cc.
