2893 4778
1007 374 1539 424 m‘rnonuc‘no.
1636 429 1643 436 ,
2195 381 2224 430 1
2245 385 2269 431 1
2286 388 2330 459 7

306 504 402 569 De
428 501 562 568 aliis
590 502 871 593 Europae
909 505 1124 594 regnis
1149 527 1396 569 necesse
1422 528 1558 570 non
1587 517 1677 570 est
1706 503 1935 574 dicere.
1972 508 2057 573 ¹In
2092 506 2332 604 Anglia

217 617 423 684 nullus
458 630 551 684 est
574 618 729 703 juris
763 619 1052 698 romani,
1088 630 1395 708 tanquam
1425 618 1620 714 legiS‚
1644 644 1790 685 usus
1811 647 1829 683 ε
1873 633 2153 690 attamen
2183 648 2333 693 eru-

219 732 479 800 ditionis
516 733 724 824 gratia
763 729 931 797 illius
981 732 1280 821 peritiam
1316 733 1435 797 sibi
1480 734 1829 824 acquirunt
1868 736 1959 800 ibi
2006 739 2325 823 juriscon-

217 847 386 914 sulti.
443 848 544 914 Ita
592 869 848 938 quoque
896 843 1070 937 apud
1118 845 1388 937 populos
1448 848 1999 940 septentrionales,
2042 858 2336 943 quamvis

218 960 392 1030 nulla
447 964 584 1049 ejus
635 972 729 1027 est
782 959 1069 1055 legitima
1115 962 1459 1029 auctoritas
1499 1012 1518 1043 ,
1576 960 1747 1029 illius
1807 962 2021 1032 studio
2080 967 2336 1037 incum-

216 1077 359 1142 bere
399 1074 627 1143 solent.
940 1155 943 1159 Δ

298 1190 552 1259 Nostris
588 1189 979 1280 temporibus
1002 1238 1021 1271 ‚
1071 1214 1221 1255 cum
1259 1187 1432 1280 apud
1471 1187 1777 1280 plurimos
1805 1191 2072 1284 populos
2117 1191 2339 1288 legum
2374 1239 2377 1244 ,

221 1305 465 1373 codices
515 1329 703 1370 omne
762 1307 861 1391 jus
915 1306 1242 1396 privatum
1287 1303 1774 1395 complectentes
1813 1331 1935 1399 pro
1989 1308 2123 1376 solo
2170 1313 2338 1397 juris

217 1421 384 1487 fonte
422 1420 552 1485 sint
584 1419 840 1499 sanciti,
881 1417 1076 1487 veluti
1097 1420 1166 1484 in
1194 1419 1482 1485 Borussia
1509 1470 1526 1498 ‚
1558 1420 1628 1483 in
1647 1405 1855 1486 Gallia
1874 1472 1892 1502 ‚
1925 1424 1996 1488 in
2023 1426 2285 1493 Austria
2314 1503 2335 1536 2

216 1536 278 1600 in
310 1532 540 1626 Belgio
564 1563 584 1614 ,t
619 1535 715 1619 jus
748 1557 1088 1600 romanum
1118 1531 1277 1624 legis
1328 1535 1464 1601 vim
1506 1534 1743 1600 habere
1764 1534 1970 1605 'desiit
2000 1546 2022 1624 (
2044 1547 2130 1623 1).

296 1651 528 1740 Neque
577 1661 793 1714 tamen
826 1650 897 1713 in
938 1661 1150 1715 totum
1190 1672 1272 1712 ex
1319 1672 1442 1713 usu
1491 1651 1777 1729 recessit,
1808 1651 1905 1720 vel
1953 1658 2333 1725 auctoritate

220 1790 323 1832 sua
372 1764 754 1834 destitutum
802 1778 894 1831 est
926 1792 946 1829 ε
990 1766 1275 1856 primum
1329 1766 1506 1834 enim
1554 1765 1832 1859 plurima
1875 1773 2035 1857 juris
2083 1777 2340 1846 romani

215 1892 527 1972 praecepta
549 1881 620 1946 in
651 1880 833 1947 novis
864 1877 1118 1971 legibus
1144 1894 1394 1948 servata
1416 1894 1567 1948 sunt
1591 1934 1609 1963 ,
1683 1907 1965 1975 quorum
2005 1887 2332 1979 interpre-

149 1995 160 2004 ’
220 1998 363 2061 tatio
411 2008 479 2062 et
514 1993 600 2064 ad
630 1992 913 2087 singulos
950 2019 1120 2075 casus
1163 1996 1666 2068 accommodatio
1707 2000 1962 2067 nonnisi
1989 2002 2126 2092 ipso
2156 2002 2337 2073 illius

223 2109 429 2177 studio
459 2111 755 2176 instituto
798 2105 967 2175 r'ecte
1013 2108 1152 2188 fieri
1182 2123 1414 2201 potest.

303 2220 559 2288 Deinde
611 2224 749 2309 jure
799 2243 1066 2287 romano
1106 2220 1332 2314 altiora
1384 2224 1640 2308 justitiae
1685 2247 1759 2289 ac
1812 2225 2124 2317 aequitatis
2168 2253 2337 2321 prae-

226 2351 401 2430 cepta
439 2336 856 2407 continentur
873 2386 889 2417 ‚
937 2359 1080 2428 quae
1125 2350 1442 2430 ⁴tanquam
1480 2340 1575 2424 jus
1615 2340 1913 2429 gentium
1952 2341 2192 2434 ubique
2230 2344 2338 2413 lo-

224 2477 441 2521 corum
486 2454 807 2520 observari
835 2465 1132 2544 possunt3
1178 2453 1419 2545 regulae
1471 2454 1765 2545 quaedam
1790 2457 1858 2520 in
1890 2480 1967 2523 eo
1994 2471 2143 2527 sunt
2166 2483 2335 2533 con-

223 2569 455 2634 stitutae
475 2619 493 2648 ,
532 2568 775 2659 quibus
815 2566 987 2658 apud
1033 2591 1251 2645 omnes
1309 2581 1528 2658 gentes
1573 2569 2071 2661 jurisprudentia
2100 2574 2240 2667 regi
2275 2587 2343 2642 et

221 2683 506 2748 ordinari
555 2681 787 2764 debet3
844 2678 1012 2749 unde
1072 2685 1169 2768 jus
1228 2706 1568 2759 romanum
1639 2694 1949 2773 tanquam
2022 2690 2335 2778 scnpcam

207 2800 373 2886 juris
446 2799 778 2861 ratzbnem
844 2793 1233 2887 sequendam
1304 2818 1430 2861 esse
1505 2795 1624 2889 ipsi
1691 2793 1913 2889 legum
1975 2797 2343 2875 conditores

221 2908 559 2978 voluerunt
614 2914 766 2994 (2).
2100 2986 2103 2989 .

306 3022 734 3113 Eandemque
797 3023 881 3089 ob
927 3047 1177 3089 causam
1210 3020 1486 3114 denique
1518 3008 1668 3089 cum
1704 3026 1803 3111 jus
1841 3048 2178 3091 romanum
2214 3027 2344 3092 mi-

221 3139 394 3204 rifice
428 3141 513 3205 sit
559 3136 885 3204 excultum
937 3150 1004 3203 et
1050 3140 1118 3205 in
1171 3140 1547 3224 justinianea
1598 3142 1731 3225 ejus
1776 3137 2148 3206 collectione
2182 3141 2338 3232 plu-

220 3256 393 3320 rimae
466 3250 654 3318 simul
713 3277 785 3319 ac
841 3253 1310 3345 sapientissimae
1378 3255 1450 3320 in
1503 3254 1682 3319 omni
1725 3278 2060 3322 causarum
2101 3275 2337 3355 genere

230 3446 292 3466 fi—

301 3575 366 3658 (1
392 3579 414 3657 )
445 3576 598 3636 Inde
622 3598 718 3637 res
745 3576 1013 3658 judicata
1043 3598 1075 3636 a
1099 3578 1268 3638 curia
1287 3625 1303 3652 ‚
1325 3587 1395 3636 ut
1420 3567 1600 3638 aiunt
1619 3625 1636 3654 ,
1669 3581 2054 3641 Cassacionis
2071 3579 2338 3642 rescindi

223 3702 346 3743 non
375 3693 586 3767 potest
615 3731 632 3758 ,
658 3685 805 3766 quia
822 3686 1141 3745 sententiae
1168 3686 1319 3765 juris
1342 3685 1583 3746 romani
1603 3685 1680 3746 de
1700 3684 1893 3746 simili
1919 3707 2095 3748 causa
2114 3685 2338 3773 adver-

223 3800 411 3850 satur.
478 3789 644 3850 vide
698 3791 940 3851 Berriat
984 3790 1308 3868 st.-Prix‚
1370 3791 1649 3851 fflscotre
1695 3791 1780 3850 da
1822 3791 1990 3852 droit
2028 3775 2277 3854 romain
2313 3842 2334 3874 ,
2432 3772 2435 3779 '

222 3915 284 3979 p.
337 3898 453 3957 231
494 3917 517 3975 3
556 3890 785 3958 Merlin
810 3944 826 3973 ,
868 3897 1225 3981 Re'pertoire
1251 3945 1267 3973 ,
1308 3896 1571 3960 diversis
1617 3899 1683 3957 in
1724 3896 1898 3959 lociS.
1944 3966 1949 3973 .

308 4027 417 4106 (2)
459 4027 556 4089 Ita
616 4038 888 4094 oratores
944 4028 1327 4115 conficiendo
1384 4028 1599 4092 Codici
1650 4029 1807 4112 juris
1854 4030 2058 4097 civilis
2111 4033 2337 4120 gallico

238 4134 572 4218 praepositi.
1107 4127 1114 4135 ⁸
