2893 4778
802 323 1021 373 mena
1074 322 1160 372 11.
1209 337 1311 357 --
1359 318 1517 374 cn».
1569 318 1685 371 111.
2074 295 2300 414 48ι

282 448 528 515 Utrum
565 442 742 524 nudo
788 468 1095 512 consensu
1133 397 1355 538 perfici
1394 447 1589 537 possit
1619 469 1704 511 an
1732 405 1982 537 scriptis
2018 444 2310 513 conden-

196 561 318 630 dus
355 566 481 643 sit,
520 558 706 629 valde
749 557 1020 625 dubium
1067 571 1162 626 est
1216 564 1285 644 (1
1310 565 1370 643 )·
1355 607 1375 643 ,
1418 558 1826 627 eeclesiarum
1873 553 2322 653 emphyteuses

188 690 412 745 tamen
449 678 871 742 instrumento
907 672 1376 754 constituendas
1415 697 1541 739 esse
1584 675 1929 766 expressim
1957 676 2265 742 sancitur.

289 792 519 886 Neque
574 787 919 854 traditione
978 810 1138 880 opus
1212 811 1340 854 esse
1400 787 1748 855 dicendum
1807 800 1882 855 ut
1939 791 2034 875 jus
2067 781 2172 854 'in
2241 813 2314 856 re

198 905 630 996 emphyteutae
667 901 1036 992 acquiratur
1058 952 1075 982 ‚
1127 921 1277 969 eum
1320 901 1455 969 hoe
1505 900 1732 968 nullibi
1771 914 2162 995 praeceptum
2196 905 2281 971 sit
2298 953 2319 986 ,

199 1044 324 1087 nec
379 1016 638 1084 traditio
688 1015 770 1082 ad
812 1020 950 1103 jura
1010 1019 1079 1082 in
1133 1039 1204 1084 re
1256 1015 1482 1084 aliena¹
1510 1017 1897 1109 acquirenda
1950 1019 2325 1110 requiratur

213 1132 370 1220 (nst.
403 1132 533 1198 316
570 1143 635 1197 et
683 1129 857 1219 359)
909 1133 1058 1217 (2).
1118 1127 1427 1198 Ceterum
1477 1129 1692 1224 legato
1737 1156 1993 1224 quoque
2042 1134 2325 1227 emphy-

206 1250 399 1317 tensis
428 1245 701 1338 relinqui
748 1257 976 1338 potest.

302 1360 454 1449 343.
485 1361 780 1452 Denique
816 1360 1105 1425 omnium
1141 1355 1274 1424 fere
1308 1356 1445 1424 de
1425 1382 1563 1446 Jure
1601 1355 1985 1451 scriptorum
2018 1361 2325 1453 opinione

206 1476 659 1569 emphyteusin
706 1457 889 1568 longi
933 1475 1238 1565 temporis
1281 1473 1760 1565 praesoriptione
1807 1476 2105 1541 constitui
2148 1498 2330 1568 posse

215 1603 546 1683 receptum
595 1600 690 1655 est
734 1588 882 1673 (3),
943 1601 1057 1654 aut
1095 1610 1242 1654 eum
1290 1585 1475 1652 fundi
1532 1586 1829 1654 dominus
1877 1612 2187 1656 canonem
2220 1590 2332 1658 alii.

219 1727 303 1773 ex
351 1709 518 1792 justo
564 1701 753 1771 titulo
813 1701 999 1769 bona
1039 1699 1165 1767 fide
1204 1701 1547 1794 accipienti
1593 1701 1848 1769 solverit
1877 1714 1908 1781 ,’
1942 1714 2056 1769 aut
2102 1728 2253 1769 cum
2293 1729 2337 1778 a,

220 1843 352 1885 non
381 1818 644 1884 domino
678 1815 1108 1908 emphyteusis
1145 1816 1489 1882 constituta
1513 1813 1708 1882 fuerit
1727 1867 1745 1897 ,
1771 1826 1838 1883 et
1853 1821 2020 1904 justo
2045 1823 2338 1912 tempore

220 1934 391 2000 bona
433 1931 559 1999 fide
586 1955 879 2025 possessa.
930 1929 1259 2020 Quoniam
1293 1952 1448 1997 vero
1487 1928 1668 1996 nulla
1702 1933 1856 2016 juris
1893 1931 2130 1999 sanctio
2161 1936 2336 2017 ejus-

224 2047 401 2116 modi
450 2046 989 2138 praeseriptionem
1035 2042 1315 2109 admittit
1351 2093 1370 2123 ‚
1421 2044 1611 2111 nobis
1651 2068 1785 2110 non
1825 2043 1973 2110 licet
2021 2048 2091 2110 in
2137 2044 2336 2115 simili

224 2188 375 2231 casu
414 2166 511 2250 jus
545 2159 864 2256 singulare
912 2153 1404 2254 praescriptionis
1436 2158 1840 2228 introducere
1886 2158 1970 2247 (4
1976 2165 2023 2247 j.
2145 2160 2154 2167 ’

314 2511 431 2591 (ι)
472 2508 902 2570 Institutiones
974 2501 1068 2566 nil
1137 2505 1467 2567 continent
1534 2500 1653 2565 hac
1720 2502 1803 2567 de
1846 2524 1954 2585 re;
2010 2505 2193 2569 multi
2258 2505 2347 2573 ad

226 2613 280 2678 l.
322 2639 344 2677 1
381 2627 442 2677 et
467 2617 502 2677 3
527 2616 596 2685 C.
629 2614 694 2675 h.
732 2625 778 2674 t.
813 2624 1177 2695 provocant.
1201 2610 1360 2673 Vide
1389 2612 1466 2673 de
1490 2610 1606 2673 hac
1635 2616 2054 2676 controversia
2097 2614 2302 2677 Gliick
2317 2661 2343 2696 ‚

236 2726 682 2799 Comme-man,
699 2720 743 2780 l.
761 2741 816 2780 e.
830 2767 846 2796 ,
872 2743 936 2803 p.
959 2719 1105 2801 4603
1130 2721 1534 2780 [Meet-manni
1546 2719 1863 2797 Theman,
1886 2721 2141 2797 T.V111‚
2156 2743 2219 2803 p.
2244 2721 2344 2804 39.

324 2855 428 2936 (2)
479 2853 610 2915 Hoc
631 2850 886 2936 plurimi
916 2850 1139 2913 volunt
1169 2872 1188 2910 ε
1229 2850 1502 2912 Vinnius
1528 2897 1546 2926 ‚
1584 2850 1663 2911 ad
1690 2850 1741 2912 1.
1787 2851 1816 2934 ᾗ
1861 2852 1899 2912 3
1921 2897 1941 2928 ,
1976 2850 2045 2913 h.
2089 2863 2135 2912 t.
2163 2873 2183 2930 ς
2217 2871 2351 2917 von

241 2961 559 3041 Wem'ng,
591 2958 620 3042 §
657 2981 678 3020 1
698 2959 769 3020 13
790 2999 817 3035 ,
867 2969 929 3020 et
958 2956 1427 3019 Miihlenbruch
1449 3000 1474 3032 ,
1504 2958 1803 3018 Doctrina
1847 2958 2303 3023 pandectarum
2325 3008 2349 3041 ,
2397 2996 2404 3004 ,

124 3110 131 3117 -
231 3069 313 3129 Τ.
347 3069 438 3143 11,
472 3067 500 3151 §
529 3065 649 3149 409
662 3109 687 3141 ,
724 3076 871 3127 nota
911 3063 984 3144 4,
1010 3067 1044 3144 (
1073 3063 1259 3145 1824)
1314 3065 1652 3127 secundum
1686 3065 1954 3126 Tkihaut
1985 3115 2002 3142 ,
2041 3067 2301 3142 Srstem.
2322 3107 2353 3146 ,

237 3176 271 3261 ς
315 3174 435 3238 633
457 3223 473 3250 ,
504 3185 655 3235 nota
684 3196 716 3257 7
741 3222 758 3248 ‚
792 3172 874 3234 ob
908 3171 953 3233 l.
1001 3173 1073 3234 31
1106 3194 1204 3255 pr.
1234 3219 1253 3246 ‚
1283 3173 1364 3232 D.
1401 3170 1475 3250 4ι
1509 3221 1525 3248 ,
1567 3194 1617 3233 1.
1662 3172 1782 3233 Sed
1817 3171 1884 3233 hi
1917 3175 2036 3255 ipsi
2063 3164 2352 3239 auctores
2397 3162 2406 3177 s

240 3282 685 3365 emphyteusin
759 3282 854 3362 jus
904 3283 971 3340 in
1038 3301 1104 3340 re
1154 3276 1360 3341 aliena
1426 3300 1558 3340 esse
1614 3279 1879 3358 dicunt3
1939 3280 2008 3340 in
2053 3280 2360 3347 dominiis

241 3410 396 3454 vero
442 3385 888 3450 transferendis
932 3397 1178 3449 tantum
1218 3387 1477 3449 traditio
1514 3388 1880 3468 requiritur.

332 3523 449 3602 (3)
491 3520 839 3582 Novissime
891 3541 1026 3581 eam
1081 3520 1290 3582 adhue
1350 3523 1659 3605 recipiunt
1720 3519 1926 3582 Gliick
1967 3565 1984 3595 ,
2039 3542 2104 3604 p.
2163 3520 2285 3607 470
2334 3543 2360 3606 ς

247 3627 713 3692 Unterholzner
733 3673 751 3703 ,
790 3624 817 3707 §
845 3622 925 3715 43
959 3647 979 3704 3
1019 3644 1147 3685 von
1187 3623 1471 3704 Wening
1493 3671 1510 3701 ‚
1542 3622 2003 3687 Miihlenbruch
2029 3673 2047 3702 ,
2085 3625 2343 3710 aliique.

335 3758 451 3839 (4)
494 3757 824 3843 Sequimur
859 3759 1225 3839 opinionem
1260 3757 1425 3849 doct..
1473 3755 1794 3817 szmem
1822 3804 1840 3834 ‚
1898 3759 1966 3816 ἰη
2012 3757 2136 3818 den
2174 3750 2365 3822 roem.

249 3866 622 3931 rechtlichen
682 3864 1230 3944 Untersuchungen
1258 3909 1277 3939 ‚
1329 3883 1471 3946 pag.
1522 3881 1840 3948 127—1293
1878 3865 2184 3925 contraria
2222 3886 2371 3928 sen-

196 4048 203 4051 *
244 3972 450 4039 'tentia
494 3994 622 4038 non
652 3971 942 4037 firmatur
978 3968 1024 4033 l.
1067 3989 1147 4036 20
1181 3990 1281 4057 pr.
1306 4015 1328 4048 ,
1373 3969 1446 4034 C.
1490 3988 1557 4034 n
1578 4008 1611 4047 ,
1649 3967 1729 4055 47
1765 3968 1893 4055 (de
1922 3970 2288 4056 agricolis).
2369 4038 2372 4043 ,

1943 4152 2034 4231 31
