2893 4778
1006 269 1220 317 Lmen
1273 272 1356 318 11.
1407 286 1504 302 --
1556 269 1712 319 cAr.
1767 273 1850 319 11.
2306 249 2454 340 455

338 390 750 462 traditionem
780 387 1195 457 'necessariam
1229 416 1355 458 esse
1395 391 1625 462 docent
1652 445 1670 471 ‚
1714 406 1787 460 ut
1822 393 2088 463 servitus
2113 420 2233 488 pro
2267 424 2450 466 cons-

332 508 523 573 tituta
574 506 800 570 haberi
852 517 918 570 et
965 503 1274 573 vindicari
1317 508 1449 592 jam
1496 507 1715 597 possit.
1772 507 1988 576 Variis
2039 522 2255 576 autem
2287 510 2446 578 locis

332 623 404 687 in
423 621 578 707 juris
594 618 878 684 fontibus
893 618 1282 684 exstantibus
1299 617 1638 710 diligenter
1653 623 2027 712 examinatis
2044 626 2251 690 verius
2268 624 2450 706 vide-

271 815 280 828 ,
332 746 447 818 tur*
463 745 736 800 statuere
769 738 788 816 (
817 738 885 816 1)
925 760 940 796 :
973 730 1054 798 ad
1080 734 1404 800 servitutes
1442 759 1478 797 a
1513 713 2278 803 dominoconstituendas
2324 762 2443 803 nec

329 844 465 911 ullo
488 847 557 911 in
585 852 732 912 casu
759 848 934 937 quasi
968 845 1375 913 traditIOnem
1395 849 1676 939 requiri,
1712 848 1823 926 sed
1858 847 1989 917 sola
2014 852 2304 941 pactione
2342 852 2443 920 vel

329 959 735 1051 stipulatione
772 959 841 1024 id
869 960 1029 1060 effici
1069 988 1083 1024 ε
1117 959 1265 1027 licet
1291 986 1361 1027 ea
1391 985 1525 1029 non
1554 961 1863 1030 inutiliter
1881 962 2171 1038 adhiberi
2204 967 2438 1055 possit,

333 1098 465 1166 quo
512 1073 863 1140 evidentius
901 1074 1210 1165 probetur
1240 1078 1611 1143 servitutem
1644 1101 1768 1142 esse
1805 1078 2176 1168 acquisitam
2216 1082 2353 1163 (2).
2510 1063 2517 1068 .

420 1189 576 1253 Haec
616 1187 877 1279 quidem
916 1187 1082 1253 dicta
1117 1204 1262 1255 sunt
1297 1189 1374 1256 de
1411 1192 1709 1259 servitute
1736 1193 1816 1257 ab
1856 1195 1992 1283 ipso
2028 1194 2118 1257 rei
2160 1206 2435 1274 oneratae

329 1301 594 1369 domino
623 1305 980 1368 constituta.
1011 1303 1281 1369 Evenire
1313 1317 1522 1371 autem
1545 1318 1750 1396 potest
1778 1352 1803 1385 ,
1833 1319 1906 1372 ut
1923 1307 1972 1371 is
2010 1306 2125 1398 qui
2160 1310 2441 1375 servitu-

329 1431 461 1483 tem
481 1418 810 1483 constituit
830 1415 1121 1482 dominus
1147 1443 1277 1512 non
1302 1422 1379 1484 sit
1410 1470 1425 1498 ,
1444 1418 1553 1484 sed
1574 1420 1758 1487 bonae
1781 1419 1931 1485 fidei
1952 1444 2262 1512 possessor
2296 1435 2440 1488 tan-

329 1546 468 1597 tum
496 1532 586 1596 rei
623 1532 946 1598 servientis
972 1558 988 1613 3
1030 1545 1170 1597 tum
1192 1557 1339 1598 vero
1367 1541 1599 1623 prae'tor
1628 1545 1843 1600 tuetur
1877 1560 2056 1614 eum,
2084 1536 2186 1601 c‘ui
2212 1534 2316 1601 ille
2343 1540 2437 1622 jus

324 1644 583 1737 aliquod
623 1647 924 1711 concessit
948 1697 964 1725 ‚
1009 1670 1143 1711 non
1195 1649 1403 1712 minus
1451 1674 1523 1714 ac
1555 1648 1920 1729 cedentem,
1957 1648 2320 1740 Publiciana
2365 1652 2435 1716 in

408 1972 495 2052 (ι)
539 1971 679 2031 Haec
698 1971 950 2031 invictis
982 1972 1357 2051 argumentis
1381 1971 1673 2051 probavit
1700 1969 2109 2032 Schmidtlein
2134 2020 2151 2049 ,
2176 1975 2244 2033 in
2275 1974 2424 2034 diss-

323 2078 491 2141 laud.
535 2098 670 2158 pag.
725 2096 1042 2152 101-1103
1092 2076 1392 2136 sententia
1437 2096 1546 2134 sua
1576 2098 1646 2138 ex
1687 2081 1943 2158 antiquo
1990 2081 2122 2159 jure
2170 2101 2430 2140 romano

325 2186 648 2246 illustrata
712 2182 906 2265 (pag.
962 2181 1212 2260 64-101
1248 2181 1314 2263 )‚
1375 2184 1765 2262 potissimum
1821 2183 1899 2241 ad
1934 2182 2059 2265 leg.
2126 2186 2161 2243 3
2207 2198 2232 2266 9
2309 2187 2378 2246 13
2409 2233 2429 2263 ‚

323 2294 402 2353 D.
451 2292 528 2369 43
562 2336 578 2365 ,
639 2289 711 2349 16
756 2289 879 2371 (de
911 2292 1017 2367 vi)
1067 2299 1363 2370 provocat
1405 2288 1762 2347 dicentem:
1827 2290 1902 2348 Si
1943 2292 2080 2371 quis
2124 2289 2205 2347 ab
2249 2291 2429 2354 inicio
2466 2293 2473 2296 “
2545 2327 2551 2338 ·

313 2400 630 2461 'volentem
660 2399 936 2480 incipere
954 2398 1201 2474 utisruz
1232 2396 1552 2477 prohibuit
1576 2442 1592 2470 ‚
1635 2398 1748 2455 hoc
1773 2396 2162 2456 interdictum
2185 2394 2302 2476 (de
2324 2398 2430 2478 vi)

320 2509 522 2567 locum
564 2526 691 2564 non
736 2504 919 2564 habet
944 2551 961 2579 ‚
1017 2503 1172 2586 quid
1210 2523 1351 2583 ergo
1381 2501 1768 2579 faciendum
1812 2516 1903 2563 est
1931 2499 1969 2561 P
2015 2500 2219 2562 Debet
2235 2505 2432 2581 sruc-

319 2615 552 2672 luarius
593 2615 1037 2691 usumfructum
1083 2609 1434 2670 vindicare.
1470 2610 1850 2690 Argumenta
1895 2608 2234 2669 fortissima
2268 2630 2433 2669 con-

317 2722 522 2779 tinent
568 2718 611 2777 l.
680 2718 750 2795 14
798 2740 893 2800 pr.
944 2719 1013 2779 C.
1062 2718 1097 2776 3
1133 2754 1156 2789 ‚
1207 2716 1286 2794 34
1319 2720 1338 2798 (
1372 2717 1450 2778 de
1486 2739 1646 2779 serv.
1695 2729 1755 2776 et
1795 2720 2035 2799 aqua),
2073 2715 2116 2776 l.
2151 2715 2289 2797 25§
2332 2739 2365 2798 7
2408 2765 2424 2791 ‚

265 2898 266 2903 ἵ
318 2827 398 2885 D.
426 2849 458 2909 7
490 2873 507 2901 ‚
546 2848 568 2886 1
611 2873 628 2901 ,
680 2826 805 2907 (de
845 2822 1081 2903 usufr.)
1108 2872 1125 2899 ,
1170 2823 1207 2881 l.
1245 2822 1287 2901 4
1320 2872 1337 2900 ‚
1364 2825 1433 2882 C.
1481 2825 1548 2900 3,
1585 2824 1703 2902 33(
1730 2824 1866 2883 eod.
1902 2825 2062 2896 tit.).
2099 2821 2427 2883 Contraria

328 2927 466 2991 loca
508 2943 714 2991 autem
763 2929 867 2990 ille
914 2941 1186 2990 removet
1230 2933 1551 2990 sanissima
1611 2914 2157 3010 interpretatsone‚
2219 2940 2427 2988 atten-

319 3046 449 3096 tum
514 3057 727 3096 eorum
789 3036 1209 3118 indagatorem
1269 3056 1394 3096 non
1461 3035 1740 3118 fugiente
1779 3082 1796 3109 ‚
1865 3056 2053 3117 quam
2124 3033 2242 3094 hoc
2293 3035 2426 3111 loco

318 3153 591 3226 repetere
628 3142 872 3224 longius
912 3154 1069 3203 esset
1116 3164 1256 3224 pag.
1299 3164 1585 3225 ito-119.
1654 3141 1883 3223 Agitur
1926 3142 1988 3201 in
2033 3141 2077 3200 l.
2132 3164 2203 3223 19
2247 3152 2308 3231 et
2351 3143 2427 3203 35

318 3272 502 3332 supra
553 3250 655 3310 cit.
702 3250 779 3309 de
822 3249 1226 3310 servitutibus
1272 3271 1381 3331 per
1420 3250 1888 3322 deductionem,
1927 3270 2066 3307 cum
2086 3250 2428 3329 proprietas

317 3356 624 3416 alienatur
654 3357 1026 3417 constitutiS.
1065 3358 1157 3416 De
1190 3354 1231 3415 l.
1282 3379 1302 3416 1
1324 3380 1344 3415 1
1369 3357 1438 3438 ,ᾗ
1486 3378 1521 3416 2
1556 3404 1572 3433 ,
1599 3358 1675 3414 D.
1713 3355 1753 3415 6
1776 3403 1792 3430 ,
1821 3377 1854 3413 2
1883 3403 1897 3426 ‚
1938 3354 2124 3436 paulo
2162 3355 2423 3415 inferius

322 3485 523 3524 sermo
574 3467 710 3523 erit.
752 3461 1011 3523 Nullum
1060 3475 1491 3543 argumentum
1554 3467 1755 3545 quaeri
1806 3474 2005 3543 potest
2066 3483 2135 3522 ex
2194 3462 2237 3522 l.
2296 3483 2419 3540 20,

316 3571 385 3631 C.
438 3592 472 3630 2
506 3619 523 3646 ,
577 3571 653 3646 3,
696 3593 837 3630 cum
882 3573 1213 3631 servitutes
1251 3592 1346 3631 res
1388 3570 1736 3652 corporales
1779 3592 1899 3630 non
1944 3571 2091 3629 sint.

407 3683 498 3757 (2)
522 3677 652 3737 Hoc
681 3689 741 3736 et
764 3676 1174 3738 Schmidtlein
1204 3679 1268 3738 in
1292 3676 1687 3739 conclusione
1709 3675 2013 3748 concedit,
2036 3697 2096 3757 p.
2138 3695 2425 3741 izo-122.

325 3784 613 3845 Ceterum
673 3783 1041 3866 plerumque
1101 3786 1275 3867 quasi
1341 3786 1595 3845 traditio
1651 3786 2024 3844 servitutum
2069 3781 2256 3841 fiebat
2292 3830 2308 3858 ‚
2353 3795 2425 3842 ut

313 3896 675 3974 possessorii
730 3892 1074 3952 interdictis
1123 3894 1214 3951 uti
1263 3894 1456 3973 possit
1494 3934 1518 3966 ,
1569 3895 1668 3951 cui
1712 3890 1976 3950 servitus
2027 3889 2416 3966 debebatur3

313 3996 359 4061 l.
390 4002 427 4061 3
473 4000 498 4083 ᾗ
539 4022 561 4061 1
602 4048 622 4078 ,
653 4001 688 4061 3
713 4047 732 4078 ,
762 4002 869 4060 cit.
900 4004 1015 4079 3V
1008 4020 1089 4059 οη
1119 4000 1393 4080 Savc'gny
1417 3998 1577 4076 ‚das
1606 4001 1789 4060 Reclic
1806 3999 1911 4058 des
1935 3999 2240 4072 Besitzes,
2277 3993 2424 4078 §48-

651 4138 658 4167 t
