2893 4778
859 333 1072 385 Lmen
1124 334 1175 381 1.
1228 352 1321 365 —·-
1375 331 1532 380 CAP.
1584 331 1695 381 111.
2188 332 2326 407 217

225 454 380 530 solet
406 507 425 538 ‚
460 456 669 548 accipi
692 452 915 530 solent.
959 456 1131 523 Nam
1165 483 1185 522 ε
1227 479 1289 523 a.
1323 455 1379 521 F
1381 454 1697 548 ungibiles
1731 466 2040 523 vocantur
2070 460 2179 540 (Ἴ.)
2235 477 2332 521 res

228 572 298 637 in
336 571 578 663 quibus
631 594 830 663 genus
882 570 1012 635 sive
1067 572 1488 662 quantitatem
1538 568 1640 637 vel
1696 568 2068 660 qualitatem
2123 571 2333 661 potius

227 710 425 777 quam
455 686 733 777 speciem
748 697 1131 776 spectamuS,
1173 710 1233 754 v.
1260 710 1321 776 g.
1340 687 1392 750 si
1418 686 1604 751 nobis
1627 684 1976 768 debentur3
2009 708 2152 776 quae
2183 682 2331 758 inde

229 803 298 868 in
346 825 580 894 genere
624 802 828 893 magis
869 826 1063 892 quam
1109 802 1179 867 in
1219 804 1438 891 specie.
1472 801 1870 869 functionem
1912 803 2192 891 recipere
2233 800 2335 869 di-

229 929 510 996 cuntur-,-
535 928 600 992 et
646 939 951 995 numerO,
993 913 1276 1006 pondere
1321 928 1386 981 et
1413 940 1710 981 mensura
1749 928 2040 982 constant
2067 966 2084 992 ,
2138 912 2333 982 veluti

231 1031 458 1112 vinum
496 1082 513 1110 ‚
586 1028 801 1097 oleum
835 1061 855 1109 ·‚
907 1028 1309 1096 frumentum
1351 1056 1370 1111 3
1440 1027 1579 1096 aliae
1637 1054 1786 1098 vero
1844 1054 1940 1098 res
1989 1027 2140 1106 tales
2189 1040 2340 1092 sunt

121 1153 129 1162 '
230 1166 338 1207 sua
384 1133 620 1207 natur'a
644 1189 661 1221 ‚
707 1154 781 1207 ut
808 1142 1082 1232 speciem
1116 1140 1314 1207 solam
1353 1143 1423 1206 in
1461 1143 1536 1207 iis
1579 1141 2044 1210 consideremus
2077 1166 2188 1206 seu
2229 1142 2339 1204 iu·—

201 1254 574 1325 'dividuum
601 1306 619 1335 ,
670 1268 743 1321 ut
790 1258 973 1324 vestis
1013 1253 1113 1323 vel
1162 1254 1387 1325 domus
1433 1269 1650 1323 nostra
1683 1309 1698 1337 ,
1749 1270 1997 1330 cetera.
2042 1257 2159 1321 Hae
2204 1280 2340 1322 non

232 1367 576 1466 sungibiles
633 1369 958 1436 dicuntur.
1002 1368 1065 1437 b.
1107 1368 1263 1438 Alio
1310 1394 1499 1436 sensu
1551 1369 1903 1464 sungibiles
1954 1376 2086 1456 (2)'
2117 1376 2136 1453 (
2170 1368 2342 1460 apud

237 1482 545 1576 quosdam
577 1483 978 1556 scholasticos
1005 1481 1562 1576 comtemptibiles)
1601 1484 1999 1577 appellantur
2024 1508 2121 1550 res
2144 1537 2160 1565 ‚
2199 1507 2342 1574 quae

239 1624 353 1672 usu
412 1614 892 1670 consumuntur
923 1598 1072 1680 vel.
1125 1600 1509 1670 minuuntur
1556 1627 1576 1685 3
1648 1599 1805 1667 dum
1868 1625 2141 1689 quarum
2201 1620 2345 1664 usus

240 1714 405 1784 salva
468 1717 820 1783 substantia
878 1715 1032 1784 fieri.
1075 1728 1281 1807 potest
1326 1767 1343 1795 ‚
1416 1739 1549 1783 non
1614 1713 1963 1808 fungibiles
2023 1714 2348 1792 dicuntur.

246 1828 410 1897 Cum
467 1828 535 1921 pl
544 1830 786 1894 urimae
820 1852 917 1894 res
946 1879 963 1909 ‚
1028 1852 1170 1919 quae
1202 1849 1500 1899 numero
1528 1879 1548 1909 ‚
1605 1828 1885 1921 pondere
1943 1839 2009 1891 et
2054 1849 2348 1891 mensura

246 1955 536 2009 constant
560 1995 577 2022 ,
657 1944 825 2008 inter
900 1966 1000 2008 eas
1088 1944 1256 2020 sint,
1330 1966 1479 2034 quae.
1546 1967 1664 2009 usu
1723 1953 2193 2008 consumuntur
2244 1936 2345 2006 vel

243 2057 674 2150 minuuntur,
748 2068 1036 2123 auctores
1096 2056 1415 2148 duplicem
1472 2030 1801 2124 divisionis
1853 2056 2042 2140 hujus
2093 2076 2346 2117 sensum

245 2170 633 2237 confundere
667 2168 979 2237 solebant.
1013 2170 1237 2262 Neque
1268 2175 1442 2237 enim
1483 2173 1688 2238 omnis
1720 2195 1817 2237 res
1854 2182 2129 2258 utroque
2165 2190 2351 2231 sensu

248 2285 432 2353 simul
490 2283 826 2375 fung'ibilis
883 2283 1012 2352 diei
1075 2298 1298 2383 potest.
1369 2285 1678 2351 Ceterum
1737 2282 1958 2349 eadem
2018 2303 2116 2347 res
2148 2332 2164 2359 ‚
2226 2302 2347 2369 pro

249 2399 487 2469 diversa
534 2423 680 2466 usus
722 2400 965 2468 ratione
999 2451 1016 2481 ‚
1069 2399 1252 2469 alteri
1301 2399 1670 2491 fungimus,
1710 2398 1892 2466 alteri
1938 2422 2071 2471 non
2117 2395 2347 2487 fungi-

247 2513 385 2580 hilis
429 2539 559 2580 esse
605 2527 815 2605 potest
836 2554 866 2595 ,‹
897 2538 1080 2580 sensu
1120 2528 1389 2607 utroque
1419 2568 1436 2596 ‚
1495 2515 1692 2584 veluti
1732 2538 1929 2605 equus
1960 2564 1975 2588 ,
2020 2513 2131 2603 qui
2170 2534 2350 2577 mer--

249 2638 437 2695 catori
490 2652 806 2719 equorum
846 2627 1180 2720 fungibilis
1234 2643 1366 2711 est,
1417 2630 1647 2698 emtori
1698 2652 1850 2698 vero
1895 2627 2070 2694 hunc
2108 2649 2347 2717 equum

251 2741 505 2835 eligenti
551 2768 689 2811 non
727 2741 1085 2835 fungibilis.
1240 2740 1244 2755 '

251 2935 280 3018 ᾗ
324 2935 436 3002 VI.
467 2935 582 3000 De
621 2932 819 3000 rebus
856 2932 1292 3028 singular-fias
1329 2948 1398 2999 et
1433 2957 1652 3000 rerum
1681 2907 2201 2999 umber-sitatibus
2229 2927 2346 3014 (3).

341 3119 450 3210 74.
508 3122 581 3190 Si
643 3122 726 3191 ad
789 3125 1307 3213 conjunctionem
1376 3123 1659 3214 partium
1696 3174 1712 3202 ‚
1795 3121 2028 3214 quibus
2090 3139 2355 3206 corpora

255 3249 550 3303 constant
596 3240 1003 3331 respiciamus
1034 3290 1051 3320 ‚
1104 3264 1200 3305 res
1245 3250 1355 3305 aut
1394 3237 1742 3331 singulares
1790 3248 1900 3301 aut
1938 3257 2154 3300 rerum
2198 3230 2353 3294 uni-

333 3484 475 3565 (1)
513 3485 584 3543 L.
637 3504 673 3543 2
709 3530 727 3560 ,
786 3483 816 3566 §
871 3507 942 3560 1,
1004 3486 1114 3545 D.
1154 3504 1222 3545 12
1258 3532 1275 3560 ‚
1335 3506 1358 3544 1
1423 3483 1555 3561 (de
1596 3481 1725 3543 reb.
1770 3481 1986 3542 credit.
2021 3475 2171 3555 )·,1.
2223 3479 2351 3552 42,

251 3589 329 3649 D.
382 3592 454 3649 23
486 3638 504 3667 ‚
547 3592 583 3651 3
633 3590 769 3671 (de
819 3588 1129 3666 dotibus).

337 3698 468 3776 (2)
513 3697 614 3780 §2
655 3744 673 3773 ,
737 3696 785 3756 1.
838 3717 917 3774 2,
967 3694 1007 3774 4
1056 3695 1185 3771 (de
1225 3695 1866 3776 usufructu).L.1,
1913 3689 2350 3772 l.5,§1,2,

251 3805 332 3869 D.
365 3827 425 3889 7,
455 3807 527 3881 5,
572 3806 694 3886 (de
716 3808 1043 3868 usufructu
1080 3829 1203 3869 ear.
1237 3812 1411 3884 rer..)

334 3912 483 3993 (3)
526 3913 594 3975 L.
643 3915 762 3990 30,
790 3913 874 3976 D.
900 3911 1031 3991 41,
1064 3914 1522 4001 3(deusucap.
1555 3924 1620 3975 et
1655 3933 1876 3993 usurp.
1899 3907 2064 3987 331.
2108 3928 2130 3968 1
2169 3872 2411 3989 ,§3⁵,

252 4016 332 4092 6,
384 4040 406 4077 1
451 4019 559 4101 (de
596 4022 686 4081 rei
713 4019 887 4082 vind.
905 4020 968 4103 );
993 4018 1229 4098 Hasse,
1261 4021 1409 4081 iiber
1424 4021 1819 4080 Universitas
1852 4015 2005 4098 juris
2032 4026 2093 4079 et
2121 4035 2221 4078 rm
2223 4018 2358 4092 um,

253 4126 345 4184 im
378 4127 598 4185 Archiv
620 4128 760 4216 siit·
813 4128 998 4190 civil.
1047 4131 1336 4205 Praxis‚
1381 4130 1456 4191 T.
1505 4129 1582 4203 1,
1629 4147 1689 4209 p.
1737 4146 1975 4210 7-11-.
