2893 4778
533 267 681 363 528-
871 285 1381 343 comusuunn
1428 288 1633 338 smus
1682 286 1965 337 nomm
2012 283 2327 338 riuum.

528 437 577 557 ᾗ.
613 469 707 539 V.
775 466 890 535 De
948 462 1329 559 hypotheca
1376 457 1640 557 publico
1692 465 2122 532 insttwnento
2178 461 2464 557 probata
2509 465 2572 551 (ι
2590 467 2640 551 ).

629 657 781 746 389.
828 654 976 723 Alia
1013 656 1179 722 ratio
1249 665 1512 747 propter
1547 677 1741 745 quam
1782 655 2022 747 pignus
2068 650 2330 748 aliquod
2368 653 2519 721 alias
2570 650 2645 721 in

539 769 764 837 eadem
808 795 877 836 re
924 769 1313 861 hypothecas
1343 791 1638 860 superare
1679 778 1885 858 potest
1904 818 1922 848 ‚
1966 767 2103 834 haec
2142 780 2236 834 est
2282 791 2300 833 ε
2352 767 2526 859 quod
2559 792 2647 834 ex

530 883 799 978 publico
850 882 953 950 vel
997 885 1175 974 quasi
1219 880 1478 974 publico
1530 883 1980 962 instrumento,
2018 879 2179 948 illud
2218 882 2640 949 constitutum

530 1024 657 1065 esse
707 997 966 1091 probari
1016 1009 1223 1088 potest
1241 1047 1258 1074 ,
1310 994 1488 1086 quod
1540 996 1949 1086 sequentibus
1995 996 2208 1064 verbis
2264 997 2644 1065 constitutio

322 1109 329 1116 ’
418 1149 421 1150 ’
532 1112 808 1191 Leonis,
858 1136 1026 1178 anno
1077 1110 1210 1200 469
1255 1110 1472 1174 emissa
1501 1160 1517 1189 ‚
1558 1111 1777 1175 statuit
1815 1134 1832 1173 ε

630 1262 660 1289 2»
714 1230 834 1296 Sin
880 1242 1094 1295 autem
1137 1231 1237 1315 jus
1296 1227 1581 1317 pignoris
1622 1223 1723 1292 vel
1749 1208 2154 1318 'hypothecae
2200 1250 2282 1293 ex
2337 1225 2648 1313 ejusmodi

537 1344 977 1414 instrumentis
1024 1339 1349 1408 vindicare
1414 1341 1557 1431 quis
1613 1339 1735 1405 sihi
1799 1339 2248 1421 contenderit,
2314 1365 2468 1407 eum
2525 1342 2649 1434 qui

533 1461 974 1526 instrumentis
1026 1455 1282 1550 publice
1334 1447 1635 1522 consectis
1684 1457 1915 1523 nititur
1941 1502 1968 1537 ‚
2012 1459 2303 1549 praeponi
2346 1435 2652 1525 decerni-⁷

535 1593 680 1638 mus
708 1624 724 1649 ‚
756 1571 1002 1638 etiamsi
1041 1570 1353 1661 posterior
1393 1574 1444 1634 is
1481 1570 1888 1635 contineatur
1924 1596 1943 1652 ;
1991 1572 2112 1635 nisi
2152 1569 2317 1636 forte
2360 1571 2647 1663 probatae

539 1700 729 1776 atquc
768 1687 1031 1774 integrae
1066 1683 1382 1774 opinionis
1424 1685 1625 1749 trium
1664 1680 1767 1749 vel
1808 1682 2080 1775 amplius
2129 1675 2417 1751 virorum
2458 1687 2664 1752 subs-.

537 1802 878 1890 criptiones
906 1795 1130 1862 iisdem
1177 1795 1502 1862 idioehiris
1530 1795 2002 1865 contineantur.
2034 1798 2226 1865 Tunc
2264 1800 2440 1865 enim
2466 1800 2648 1891 quasi

535 1911 792 2006 publice
829 1910 1117 1978 confecta
1161 1911 1592 2001 accipiuntur.
1620 1940 1656 1970 ι»

630 2025 796 2115 Quae
847 2027 1246 2118 imperatoris
1288 2026 1529 2091 sanctio
1576 2050 1726 2093 cum
1771 2024 2079 2119 generalis
2121 2026 2242 2108 sit,
2287 2022 2370 2092 ad
2429 2028 2648 2097 omnia

534 2142 1040 2232 hypothecarum
1082 2164 1312 2232 genera
1343 2131 1656 2205 trahenda
1677 2171 1684 2174 ¹
1706 2151 1799 2206 est
1820 2192 1837 2221 ‚
1888 2143 2017 2208 sive
2069 2143 2263 2207 tacita
2303 2141 2431 2208 sint
2449 2194 2466 2222 ‚
2515 2144 2647 2211 sive

537 2254 888 2344 judicialia,
931 2256 1059 2321 sive
1097 2253 1516 2322 conventione
1547 2256 1921 2348 constituta3
1941 2255 2066 2321 hoc
2091 2253 2489 2322 solummodo
2519 2258 2646 2325 ob·-

537 2369 843 2438 servando
871 2421 889 2450 ,
946 2380 1021 2435 ut
1066 2392 1401 2460 nunquam
1462 2367 1729 2461 simplex
1775 2368 2139 2461 hypotheca
2179 2368 2328 2438 lieet
2374 2369 2646 2464 publico

522 2481 956 2552 'instrumento
976 2486 1194 2550 innixa
1214 2535 1232 2566 ,
1257 2484 1542 2576 pignoris
1557 2483 1967 2577 privilegium
1998 2510 2296 2578 superare
2313 2487 2511 2580 possit
2530 2491 2646 2574 (2).

612 2755 643 2834 (
670 2758 740 2832 1)
784 2753 854 2813 L.
929 2774 993 2813 ιι
1063 2752 1135 2812 C.
1198 2751 1261 2811 h.
1310 2763 1358 2813 t.
1419 2752 1624 2833 Hujus
1676 2756 2137 2816 constitutionis
2206 2758 2651 2838 interpretatio

539 2857 867 2940 multiplex
898 2867 961 2918 et
1006 2858 1575 2919 controversissima
1619 2868 1735 2919 est.
1785 2858 2087 2919 Boehmer
2117 2907 2136 2937 ,
2180 2859 2510 2923 Exercitat.
2564 2863 2647 2923 ad

537 2963 736 3047 Pand.
766 3008 785 3030 ,
845 2962 922 3022 T.
986 2965 1124 3049 1112,
1185 2974 1275 3022 n0.
1330 2959 1409 3023 60
1440 3010 1460 3041 ,
1524 2963 1602 3023 de
1666 2965 2076 3046 praerogativa
2145 2964 2646 3047 hypothecarum
2679 2998 2688 3009 κ

537 3069 979 3153 publicarum3
1020 3067 1327 3129 Hofacker
1355 3111 1374 3142 ,
1418 3070 1583 3132 Diss.
1618 3069 1696 3131 de
1721 3070 1857 3131 eod.
1894 3070 2259 3152 argumento
2281 3119 2300 3149 ‚
2345 3073 2649 3156 Tubingae

540 3199 571 3236 «ι
585 3176 740 3260 7803
789 3176 1012 3253 Bolley
1041 3223 1058 3253 ,
1095 3174 1197 3235 die
1245 3156 1503 3236 Lebrev.
1550 3177 1805 3259 oeffi'mtl.
1843 3177 2279 3262 .Un1erpfand
2302 3226 2322 3256 ‚
2381 3180 2645 3262 Tabing.

549 3283 745 3368 17820,
786 3283 988 3344 Glioek
1012 3329 1036 3359 ,p
1082 3283 1499 3343 Commentar.
1525 3282 1602 3342 T.
1633 3283 1878 3359 XVIII,
1909 3284 1938 3366 §
1983 3285 2123 3346 1081
2153 3325 2180 3361 ,
2219 3296 2283 3346 et
2304 3289 2646 3349 novissime

540 3391 566 3471 (
599 3389 797 3466 1823)
832 3410 962 3448 von
996 3389 1213 3451 ⁴Loeht·
1239 3435 1257 3464 ‚
1304 3390 1380 3487 ‘in
1432 3388 1684 3451 Archiv.
1710 3392 1854 3471 siit·
1884 3392 1997 3453 civ.
2044 3392 2290 3453 Praxis
2306 3430 2336 3466 ,
2379 3392 2459 3454 T.
2500 3392 2592 3453 VI
2616 3440 2644 3477 ἃ

537 3515 603 3576 p.
666 3492 1392 3576 150-1603Sckweppe,
1438 3490 1486 3557 l.
1529 3515 1583 3554 c.
1614 3540 1633 3571 ,
1688 3494 1720 3578 ἦ
1764 3498 1864 3593 23.

622 3624 739 3707 (α)
782 3623 894 3685 Est
921 3622 1050 3684 haec
1077 3621 1417 3704 Boehmerib
1441 3626 1749 3693 sententia
1799 3647 1837 3688 a
1869 3626 2226 3689 doctissimo
2261 3648 2391 3693 von
2441 3627 2650 3692 Loehr

540 3729 745 3792 denuo
769 3730 1104 3789 novissime
1142 3727 1392 3788 defensa
1414 3777 1430 3805 ,
1456 3751 1641 3810 quam
1674 3741 1737 3790 et
1768 3751 1881 3791 nos
1916 3733 2302 3793 verissimam
2333 3743 2644 3816 putamus,

540 3836 939 3918 Angustiores
975 3831 1122 3895 libri
1163 3833 1353 3918 hujus
1416 3830 1570 3896 fines
1616 3824 2004 3918 impediunt,
2035 3834 2394 3925 'quominus
2439 3842 2646 3902 varias

536 3943 1034 4004 adversariorum
1081 3936 1626 4027 interpretationes
1644 3941 1748 4003 hie
1775 3926 2133 4006 referamus.
2167 3944 2442 4029 Singulae
2486 3944 2647 4030 plu„-

540 4026 720 4127 rihus
744 4049 1197 4117 „controversiis
1233 4045 1442 4112 locum
1479 4047 1635 4112 dant
1670 4046 1923 4113 difficile
1959 4048 2400 4115 dissolvendis.
