2893 4778
879 293 886 298 ’
949 328 1477 382 mrnonucno.
2152 347 2159 358 ,
2209 331 2298 410 91

277 453 649 522 Nilominus
669 501 687 534 ,
716 477 868 519 cum
899 453 1142 520 saeculis
1171 454 1334 520 XIV
1353 465 1420 519 et
1451 452 1585 522 XV
1612 452 1764 540 juris
1788 455 2039 521 romani
2073 470 2305 523 aucto-

202 572 340 639 ritas
358 595 481 664 per
497 569 833 659 Europam
848 580 1311 660 propagaretur
1337 619 1353 646 ‚
1375 565 1661 658 illudque
1684 568 1922 660 ubique
1939 569 2275 637 doceretur
2287 623 2305 650 ,

201 684 434 753 factum
474 694 572 749 est
591 732 608 761 ,
648 693 725 748 ut
761 705 987 748 eorum
1014 681 1355 752 methodus
1404 684 1797 771 reciperetur
1825 696 1890 749 et
1937 683 2050 749 diu
2085 686 2310 752 obser-

202 811 449 865 varetur
462 848 483 878 ,
520 819 872 888 eorumque
923 797 1256 889 opiniones
1293 795 1532 863 forensi
1576 798 1733 883 juris
1784 822 1906 864 usu
1967 799 2313 867 confirma-

204 925 418 978 rentur
436 962 454 990 ,
508 921 590 976 ut
631 907 955 1001 hodieque
1004 933 1227 978 earum
1269 909 1538 1001 vestigia
1587 910 1658 975 in
1694 901 2055 980 recentibus
2078 910 2313 1004 legum

204 1024 549 1093 Codicibus
593 1025 881 1093 invenire
916 1026 1130 1115 possis,

286 1139 675 1206 Laudamur
709 1141 877 1205 inter
918 1139 1035 1206 hos
1074 1138 1440 1206 scribentes
1510 1142 1632 1223 (ut
1671 1166 1709 1205 a
1760 1137 2142 1230 quibusdam
2190 1165 2313 1232 ap-

208 1253 562 1350 pellantur)
624 1251 823 1345 aliqui
881 1253 1257 1320 eruditiores
1280 1304 1297 1334 ,
1349 1252 1549 1322 veluti
1608 1252 1894 1345 Raphae'l
1937 1252 2278 1347 Fulgosius
2309 1306 2325 1335 ,

212 1371 311 1461 qui
344 1393 503 1439 vero
539 1378 606 1435 et
648 1369 779 1460 ipse
814 1381 1139 1461 receptam
1176 1366 1556 1433 methodum
1589 1365 1807 1435 coluit.

292 1481 430 1552 Soli
472 1480 790 1575 philologi
822 1482 944 1548 hac
982 1495 1162 1549 aetate
1203 1480 1528 1549 liberalius
1563 1483 1717 1568 juris
1754 1483 2002 1549 romani
2037 1482 2319 1552 studium

216 1600 657 1676 instituerunt,
703 1596 944 1666 scilicet
986 1597 1372 1665 Laurentius
1418 1595 1604 1666 Valla
1657 1603 1777 1682 (m.
1811 1596 2015 1684 1465)
2053 1609 2120 1664 et
2168 1599 2319 1664 An-

221 1711 381 1800 gelus
420 1710 777 1778 Politianus
806 1715 926 1798 (m.
958 1709 1123 1800 1494
1140 1716 1186 1796 ).

297 1825 437 1893 Sub
477 1826 674 1891 finem
703 1824 915 1891 saeculi
959 1826 1091 1893 XV
1129 1827 1389 1893 inventa
1428 1825 1896 1917 typographica
1922 1838 2055 1893 arte
2072 1877 2090 1907 ,
2130 1849 2323 1918 opera

224 1940 637 2008 scribentium
677 1962 907 2008 excusa
948 1938 1187 2032 ubique
1214 1936 1465 2033 prolata
1492 1951 1661 2008 sunt.

1044 2156 1074 2242 ς
1164 2153 1489 2223 XXXIV.

229 2342 332 2409 De
353 2341 851 2438 jurisconsultis
880 2340 1111 2411 soeculz·
1144 2342 1382 2425 XVI,
1434 2357 1504 2408 et
1536 2345 1914 2437 proesetaeim
1966 2339 2056 2410 de
2107 2305 2351 2411 scholax

997 2461 1344 2551 cujaciana
1397 2463 1535 2543 (1).

312 2664 557 2738 Saeculo
604 2669 868 2737 demum
910 2669 1157 2741 decimo
1201 2684 1378 2738 sexto
1421 2673 1659 2738 renatis
1710 2671 1782 2736 in
1830 2670 2097 2764 Europa
2135 2670 2335 2739 literis

230 2786 498 2876 antiquis
521 2835 539 2865 ‚
587 2780 906 2851 liberalius
955 2787 1111 2874 juris
1152 2786 1405 2852 romani
1451 2766 1741 2851 studium
1778 2785 2140 2852 institutum
2186 2800 2279 2853 est
2311 2815 2332 2869 3

230 2898 330 2964 sed
375 2905 508 2987 jam
554 2897 638 2965 ad
683 2911 937 2965 tantum
995 2899 1399 2992 perfectionis
1448 2898 1724 2993 gradum
1775 2900 2338 2992 jurisprudentiam

231 3012 558 3104 perduxit,
605 3026 678 3080 ut
721 3013 1043 3106 hodieque
1084 3013 1191 3080 illa
1230 3027 1384 3093 aetas,
1401 3017 1559 3102 juris
1582 3015 1860 3081 scientiae
1902 3015 2340 3082 florentissima

236 3126 558 3193 habeatur.
594 3126 956 3220 Profligata
995 3127 1192 3194 medii
1240 3129 1359 3197 aevi
1411 3139 1600 3194 nocte
1643 3152 1763 3220 per
1803 3136 2194 3195 resuscitatos
2231 3155 2343 3195 ve-

234 3253 436 3307 terum
488 3252 825 3309 auctorum
866 3240 1104 3324 libroS,
1167 3240 1405 3310 cultior
1446 3242 1614 3309 facta
1679 3256 1772 3328 est
1815 3242 2078 3313 vivendi
2130 3245 2292 3309 ratio
2318 3296 2334 3320 ‚

236 3367 390 3422 artes
450 3357 748 3448 ingenuae
824 3358 1129 3423 restitutae
1152 3372 1192 3436 ,'
1235 3380 1455 3422 omnes
1522 3355 1870 3448 disciplinae
1937 3382 2085 3424 cum
2146 3356 2346 3422 literis

237 3468 497 3537 classicis
554 3473 911 3555 conjunctae
959 3470 1084 3536 coli
1144 3484 1366 3563 coeptae
1389 3522 1407 3552 ‚
1478 3469 1732 3538 libertas
1792 3474 1863 3538 in
1918 3474 2184 3540 veritate
2241 3473 2346 3536 in·-

241 3583 531 3678 daganda
579 3584 864 3653 humano
914 3585 1133 3678 generi
1178 3584 1429 3653 reddita
1496 3584 1580 3652 ad
1639 3584 1865 3655 altiora
1919 3599 1986 3653 et
2032 3584 2348 3653 nobiliora

322 3938 433 4021 (1)
478 3939 713 4019 Hugo,
754 3939 783 4022 §
839 3938 951 4001 153
995 3947 1057 4004 et
1091 3904 1519 4023 seq-*Berriat
1567 3938 1876 4000 St.-Pr1·x
1921 3959 1986 4022 p.
2040 3937 2341 3999 313-316.

251 4044 530 4108 Nondum
587 4048 819 4131 scripta
868 4060 962 4111 est
1027 4047 1289 4117 historia
1359 4048 1559 4114 aetatis
1634 4043 1817 4129 hujus
1908 4043 2347 4107 florentissimae

259 4152 770 4238 jurisprudentiae.
