<?xml version="1.0" encoding="UTF-8"?>
<!DOCTYPE html PUBLIC "-//W3C//DTD XHTML 1.0 Transitional//EN"
    "http://www.w3.org/TR/xhtml1/DTD/xhtml1-transitional.dtd">
<html xmlns="http://www.w3.org/1999/xhtml" xml:lang="en" lang="en">
 <head>
  <title>
</title>
<meta http-equiv="Content-Type" content="text/html;charset=utf-8" />
  <meta name='ocr-system' content='tesseract 3.04.00' />
  <meta name='ocr-capabilities' content='ocr_page ocr_carea ocr_par ocr_line ocrx_word'/>
</head>
<body>
  <div class='ocr_page' id='page_1' title='image "./commentariijuri00warngoog/commentariijuri00warngoog_0543.png"; bbox 0 0 2893 4778; ppageno 0'>
   <div class='ocr_carea' id='block_1_1' title="bbox 854 294 2342 404">
    <p class='ocr_par' dir='ltr' id='par_1_1' title="bbox 854 294 2342 404">
     <span class='ocr_line' id='line_1_1' title="bbox 854 294 2342 404; baseline 0.001 -37"><span class='ocrx_word' id='word_1_1' title='bbox 854 320 1069 368; x_wconf 71' lang='lat' dir='ltr'>mmm</span> <span class='ocrx_word' id='word_1_2' title='bbox 1122 320 1203 366; x_wconf 90' lang='lat'>11.</span> <span class='ocrx_word' id='word_1_3' title='bbox 1256 337 1352 350; x_wconf 92' lang='lat'>--</span> <span class='ocrx_word' id='word_1_4' title='bbox 1402 318 1559 368; x_wconf 60' lang='lat' dir='ltr'>cap.</span> <span class='ocrx_word' id='word_1_5' title='bbox 1611 321 1709 404; x_wconf 54' lang='grc' dir='ltr'>ιγ.</span> <span class='ocrx_word' id='word_1_6' title='bbox 1975 353 1980 360; x_wconf 91' lang='grc'><em>.</em></span> <span class='ocrx_word' id='word_1_7' title='bbox 2198 294 2342 370; x_wconf 78' lang='lat'>525</span> 
     </span>
    </p>
   </div>
   <div class='ocr_carea' id='block_1_2' title="bbox 220 437 2372 1332">
    <p class='ocr_par' dir='ltr' id='par_1_2' title="bbox 220 437 2372 1332">
     <span class='ocr_line' id='line_1_2' title="bbox 224 437 2345 540; baseline -0.001 -30"><span class='ocrx_word' id='word_1_8' title='bbox 224 444 404 511; x_wconf 77' lang='lat' dir='ltr'>enim</span> <span class='ocrx_word' id='word_1_9' title='bbox 462 441 841 534; x_wconf 74' lang='lat' dir='ltr'>hypothecae</span> <span class='ocrx_word' id='word_1_10' title='bbox 888 442 1038 507; x_wconf 89' lang='lat' dir='ltr'>licet</span> <span class='ocrx_word' id='word_1_11' title='bbox 1074 454 1376 540; x_wconf 53' lang='lat' dir='ltr'>³tempore</span> <span class='ocrx_word' id='word_1_12' title='bbox 1424 439 1758 507; x_wconf 83' lang='lat' dir='ltr'>inferiores</span> <span class='ocrx_word' id='word_1_13' title='bbox 1811 437 2099 532; x_wconf 63' lang='lat' dir='ltr'>reliquis</span> <span class='ocrx_word' id='word_1_14' title='bbox 2128 453 2345 509; x_wconf 82' lang='lat' dir='ltr'>tamen</span> 
     </span>
     <span class='ocr_line' id='line_1_3' title="bbox 221 555 2347 649; baseline -0.001 -25"><span class='ocrx_word' id='word_1_15' title='bbox 221 583 307 624; x_wconf 78' lang='lat' dir='ltr'>ex</span> <span class='ocrx_word' id='word_1_16' title='bbox 337 556 594 649; x_wconf 87' lang='lat' dir='ltr'>speciali</span> <span class='ocrx_word' id='word_1_17' title='bbox 619 556 776 648; x_wconf 85' lang='lat' dir='ltr'>legis</span> <span class='ocrx_word' id='word_1_18' title='bbox 809 555 1116 635; x_wconf 76' lang='lat' dir='ltr'>beneficio</span> <span class='ocrx_word' id='word_1_19' title='bbox 1136 568 1614 646; x_wconf 84' lang='lat' dir='ltr'>anteponuntur</span> <span class='ocrx_word' id='word_1_20' title='bbox 1639 582 1656 635; x_wconf 81' lang='lat'>3</span> <span class='ocrx_word' id='word_1_21' title='bbox 1692 578 1835 645; x_wconf 85' lang='lat' dir='ltr'>quae</span> <span class='ocrx_word' id='word_1_22' title='bbox 1867 555 2347 648; x_wconf 78' lang='lat' dir='ltr'>privilegiariae,</span> 
     </span>
     <span class='ocr_line' id='line_1_4' title="bbox 220 669 2340 764; baseline -0.001 -25"><span class='ocrx_word' id='word_1_23' title='bbox 220 670 419 739; x_wconf 86' lang='lat' dir='ltr'>hodie</span> <span class='ocrx_word' id='word_1_24' title='bbox 469 696 621 740; x_wconf 84' lang='lat' dir='ltr'>vero</span> <span class='ocrx_word' id='word_1_25' title='bbox 654 670 1080 764; x_wconf 56' lang='lat' dir='ltr'>privilegiata}</span> <span class='ocrx_word' id='word_1_26' title='bbox 1113 683 1422 738; x_wconf 81' lang='lat' dir='ltr'>vocantur</span> <span class='ocrx_word' id='word_1_27' title='bbox 1443 721 1462 749; x_wconf 95' lang='lat'>‚</span> <span class='ocrx_word' id='word_1_28' title='bbox 1512 681 1588 735; x_wconf 90' lang='lat' dir='ltr'>ut</span> <span class='ocrx_word' id='word_1_29' title='bbox 1633 669 1995 760; x_wconf 84' lang='lat' dir='ltr'><strong>hypotheca</strong></span> <span class='ocrx_word' id='word_1_30' title='bbox 2039 670 2173 736; x_wconf 86' lang='lat' dir='ltr'>fisci</span> <span class='ocrx_word' id='word_1_31' title='bbox 2219 696 2340 763; x_wconf 88' lang='lat' dir='ltr'>pro</span> 
     </span>
     <span class='ocr_line' id='line_1_5' title="bbox 224 781 2339 875; baseline -0.002 -21"><span class='ocrx_word' id='word_1_32' title='bbox 224 787 488 854; x_wconf 83' lang='lat' dir='ltr'>tributis</span> <span class='ocrx_word' id='word_1_33' title='bbox 513 784 828 853; x_wconf 85' lang='lat' dir='ltr'>solvendis</span> <span class='ocrx_word' id='word_1_34' title='bbox 849 834 866 865; x_wconf 89' lang='lat'>‚</span> <span class='ocrx_word' id='word_1_35' title='bbox 903 784 1006 853; x_wconf 85' lang='lat' dir='ltr'>vel</span> <span class='ocrx_word' id='word_1_36' title='bbox 1030 786 1244 850; x_wconf 86' lang='lat' dir='ltr'>uxoris</span> <span class='ocrx_word' id='word_1_37' title='bbox 1273 783 1491 850; x_wconf 86' lang='lat' dir='ltr'>dotem</span> <span class='ocrx_word' id='word_1_38' title='bbox 1523 785 1898 875; x_wconf 78' lang='lat' dir='ltr'>repetentiS‚</span> <span class='ocrx_word' id='word_1_39' title='bbox 1935 783 2034 850; x_wconf 84' lang='lat' dir='ltr'>vel</span> <span class='ocrx_word' id='word_1_40' title='bbox 2064 781 2339 875; x_wconf 80' lang='lat' dir='ltr'>denique</span> 
     </span>
     <span class='ocr_line' id='line_1_6' title="bbox 229 893 2346 991; baseline 0 -28"><span class='ocrx_word' id='word_1_41' title='bbox 229 899 514 991; x_wconf 82' lang='lat' dir='ltr'>pignora</span> <span class='ocrx_word' id='word_1_42' title='bbox 563 922 786 964; x_wconf 86' lang='lat' dir='ltr'>eorum</span> <span class='ocrx_word' id='word_1_43' title='bbox 820 948 836 977; x_wconf 89' lang='lat'><strong>,</strong></span> <span class='ocrx_word' id='word_1_44' title='bbox 891 920 972 962; x_wconf 85' lang='lat' dir='ltr'>cx</span> <span class='ocrx_word' id='word_1_45' title='bbox 1010 921 1287 988; x_wconf 81' lang='lat' dir='ltr'>quorum</span> <span class='ocrx_word' id='word_1_46' title='bbox 1335 895 1593 963; x_wconf 79' lang='lat' dir='ltr'>creditis</span> <span class='ocrx_word' id='word_1_47' title='bbox 1637 893 2033 986; x_wconf 87' lang='lat' dir='ltr'>reliquorum</span> <span class='ocrx_word' id='word_1_48' title='bbox 2069 895 2346 963; x_wconf 83' lang='lat' dir='ltr'>credito-</span> 
     </span>
     <span class='ocr_line' id='line_1_7' title="bbox 225 1003 2372 1102; baseline -0.001 -23"><span class='ocrx_word' id='word_1_49' title='bbox 225 1036 380 1079; x_wconf 84' lang='lat' dir='ltr'>rum</span> <span class='ocrx_word' id='word_1_50' title='bbox 419 1037 604 1078; x_wconf 87' lang='lat' dir='ltr'>causa</span> <span class='ocrx_word' id='word_1_51' title='bbox 660 1010 885 1077; x_wconf 84' lang='lat' dir='ltr'>melior</span> <span class='ocrx_word' id='word_1_52' title='bbox 931 1010 1095 1077; x_wconf 86' lang='lat' dir='ltr'>facta</span> <span class='ocrx_word' id='word_1_53' title='bbox 1144 1022 1253 1075; x_wconf 85' lang='lat' dir='ltr'>est.</span> <span class='ocrx_word' id='word_1_54' title='bbox 1314 1011 1413 1076; x_wconf 86' lang='lat' dir='ltr'>De</span> <span class='ocrx_word' id='word_1_55' title='bbox 1464 1008 1728 1101; x_wconf 85' lang='lat' dir='ltr'>singulis</span> <span class='ocrx_word' id='word_1_56' title='bbox 1777 1009 1947 1075; x_wconf 91' lang='lat' dir='ltr'>hisce</span> <span class='ocrx_word' id='word_1_57' title='bbox 1996 1003 2372 1102; x_wconf 67' lang='lat' dir='ltr'>privilegiis¹</span> 
     </span>
     <span class='ocr_line' id='line_1_8' title="bbox 227 1122 2342 1217; baseline -0.002 -23"><span class='ocrx_word' id='word_1_58' title='bbox 227 1151 349 1194; x_wconf 87' lang='lat' dir='ltr'>nec</span> <span class='ocrx_word' id='word_1_59' title='bbox 380 1151 512 1193; x_wconf 91' lang='lat' dir='ltr'>non</span> <span class='ocrx_word' id='word_1_60' title='bbox 546 1125 624 1193; x_wconf 88' lang='lat' dir='ltr'>de</span> <span class='ocrx_word' id='word_1_61' title='bbox 661 1128 933 1217; x_wconf 84' lang='lat' dir='ltr'>pignore</span> <span class='ocrx_word' id='word_1_62' title='bbox 976 1122 1230 1217; x_wconf 86' lang='lat' dir='ltr'>publice</span> <span class='ocrx_word' id='word_1_63' title='bbox 1266 1125 1612 1191; x_wconf 88' lang='lat' dir='ltr'>constituto</span> <span class='ocrx_word' id='word_1_64' title='bbox 1634 1175 1649 1202; x_wconf 90' lang='lat'>‚</span> <span class='ocrx_word' id='word_1_65' title='bbox 1702 1122 1973 1215; x_wconf 84' lang='lat' dir='ltr'>denique</span> <span class='ocrx_word' id='word_1_66' title='bbox 2017 1123 2095 1189; x_wconf 88' lang='lat' dir='ltr'>de</span> <span class='ocrx_word' id='word_1_67' title='bbox 2135 1124 2342 1216; x_wconf 79' lang='lat' dir='ltr'>hypo—</span> 
     </span>
     <span class='ocr_line' id='line_1_9' title="bbox 225 1229 2346 1332; baseline -0.002 -25"><span class='ocrx_word' id='word_1_68' title='bbox 225 1241 412 1307; x_wconf 84' lang='lat' dir='ltr'>th&#39;eca</span> <span class='ocrx_word' id='word_1_69' title='bbox 475 1264 619 1331; x_wconf 88' lang='lat' dir='ltr'>quae</span> <span class='ocrx_word' id='word_1_70' title='bbox 684 1253 971 1332; x_wconf 85' lang='lat' dir='ltr'>tempore</span> <span class='ocrx_word' id='word_1_71' title='bbox 1026 1239 1306 1308; x_wconf 86' lang='lat' dir='ltr'>anterior</span> <span class='ocrx_word' id='word_1_72' title='bbox 1359 1251 1451 1304; x_wconf 88' lang='lat' dir='ltr'>est</span> <span class='ocrx_word' id='word_1_73' title='bbox 1481 1290 1498 1320; x_wconf 94' lang='lat'>,</span> <span class='ocrx_word' id='word_1_74' title='bbox 1564 1229 1890 1329; x_wconf 82' lang='lat' dir='ltr'>sigillatim</span> <span class='ocrx_word' id='word_1_75' title='bbox 1948 1242 2079 1327; x_wconf 86' lang='lat' dir='ltr'>jam</span> <span class='ocrx_word' id='word_1_76' title='bbox 2149 1237 2346 1330; x_wconf 82' lang='lat' dir='ltr'>dispi-</span> 
     </span>
    </p>
   </div>
   <div class='ocr_carea' id='block_1_3' title="bbox 226 1353 1966 1636">
    <p class='ocr_par' dir='ltr' id='par_1_3' title="bbox 226 1353 1966 1636">
     <span class='ocr_line' id='line_1_10' title="bbox 226 1353 690 1423; baseline -0.004 -1"><span class='ocrx_word' id='word_1_77' title='bbox 226 1353 534 1423; x_wconf 82' lang='lat' dir='ltr'>ciendum</span> <span class='ocrx_word' id='word_1_78' title='bbox 574 1364 690 1421; x_wconf 86' lang='lat' dir='ltr'>est.</span> 
     </span>
     <span class='ocr_line' id='line_1_11' title="bbox 603 1541 1966 1636; baseline -0.005 -25"><span class='ocrx_word' id='word_1_79' title='bbox 603 1549 633 1632; x_wconf 83' lang='lat'>§</span> <span class='ocrx_word' id='word_1_80' title='bbox 678 1545 766 1611; x_wconf 93' lang='grc' dir='ltr'>Π.</span> <span class='ocrx_word' id='word_1_81' title='bbox 822 1545 938 1636; x_wconf 70' lang='lat' dir='ltr'>Dc</span> <span class='ocrx_word' id='word_1_82' title='bbox 960 1543 1136 1634; x_wconf 82' lang='lat' dir='ltr'>fisci</span> <span class='ocrx_word' id='word_1_83' title='bbox 1160 1541 1507 1636; x_wconf 47' lang='lat' dir='ltr'>previlegio</span> <span class='ocrx_word' id='word_1_84' title='bbox 1553 1567 1623 1607; x_wconf 84' lang='lat' dir='ltr'><strong><em>m</em></strong></span> <span class='ocrx_word' id='word_1_85' title='bbox 1658 1546 1966 1635; x_wconf 81' lang='lat' dir='ltr'>pignore.</span> 
     </span>
    </p>
   </div>
   <div class='ocr_carea' id='block_1_4' title="bbox 226 1727 2347 2973">
    <p class='ocr_par' dir='ltr' id='par_1_4' title="bbox 226 1727 2347 2973">
     <span class='ocr_line' id='line_1_12' title="bbox 321 1727 2340 1825; baseline 0.001 -27"><span class='ocrx_word' id='word_1_86' title='bbox 321 1727 471 1802; x_wconf 82' lang='lat'><strong>385.</strong></span> <span class='ocrx_word' id='word_1_87' title='bbox 534 1731 588 1799; x_wconf 87' lang='lat' dir='ltr'><strong>F</strong></span> <span class='ocrx_word' id='word_1_88' title='bbox 596 1734 704 1799; x_wconf 89' lang='lat' dir='ltr'>isci</span> <span class='ocrx_word' id='word_1_89' title='bbox 746 1732 1177 1825; x_wconf 77' lang='lat' dir='ltr'>hypothecam</span> <span class='ocrx_word' id='word_1_90' title='bbox 1233 1733 1490 1798; x_wconf 80' lang='lat' dir='ltr'>tacitam</span> <span class='ocrx_word' id='word_1_91' title='bbox 1548 1755 1666 1825; x_wconf 86' lang='lat' dir='ltr'>pro</span> <span class='ocrx_word' id='word_1_92' title='bbox 1715 1733 1968 1799; x_wconf 84' lang='lat' dir='ltr'>tributis</span> <span class='ocrx_word' id='word_1_93' title='bbox 2000 1785 2016 1813; x_wconf 95' lang='lat'>,</span> <span class='ocrx_word' id='word_1_94' title='bbox 2081 1732 2340 1825; x_wconf 69' lang='lat' dir='ltr'>rejiquis</span> 
     </span>
     <span class='ocr_line' id='line_1_13' title="bbox 227 1845 2340 1939; baseline 0 -27"><span class='ocrx_word' id='word_1_95' title='bbox 227 1847 528 1912; x_wconf 88' lang='lat' dir='ltr'>omnibus</span> <span class='ocrx_word' id='word_1_96' title='bbox 581 1871 708 1915; x_wconf 84' lang='lat' dir='ltr'><strong>esse</strong></span> <span class='ocrx_word' id='word_1_97' title='bbox 761 1845 1220 1939; x_wconf 73' lang='lat' dir='ltr'>praefeoendam</span> <span class='ocrx_word' id='word_1_98' title='bbox 1262 1847 1642 1938; x_wconf 82' lang='lat' dir='ltr'>pignoribus</span> <span class='ocrx_word' id='word_1_99' title='bbox 1673 1897 1690 1923; x_wconf 88' lang='lat'>‚</span> <span class='ocrx_word' id='word_1_100' title='bbox 1758 1846 2103 1913; x_wconf 81' lang='lat' dir='ltr'>indubitati</span> <span class='ocrx_word' id='word_1_101' title='bbox 2182 1849 2340 1934; x_wconf 77' lang='lat' dir='ltr'>juris</span> 
     </span>
     <span class='ocr_line' id='line_1_14' title="bbox 229 1958 2342 2051; baseline 0.001 -28"><span class='ocrx_word' id='word_1_102' title='bbox 229 1971 324 2024; x_wconf 82' lang='lat' dir='ltr'>est</span> <span class='ocrx_word' id='word_1_103' title='bbox 352 2009 368 2038; x_wconf 89' lang='lat'><strong>,</strong></span> <span class='ocrx_word' id='word_1_104' title='bbox 413 1983 561 2025; x_wconf 86' lang='lat' dir='ltr'>cum</span> <span class='ocrx_word' id='word_1_105' title='bbox 589 1961 650 2025; x_wconf 88' lang='lat' dir='ltr'>ei</span> <span class='ocrx_word' id='word_1_106' title='bbox 696 1959 1055 2026; x_wconf 83' lang='lat' dir='ltr'>debitorum</span> <span class='ocrx_word' id='word_1_107' title='bbox 1101 1984 1367 2026; x_wconf 86' lang='lat' dir='ltr'>suorum</span> <span class='ocrx_word' id='word_1_108' title='bbox 1405 1961 1575 2026; x_wconf 87' lang='lat' dir='ltr'>bona</span> <span class='ocrx_word' id='word_1_109' title='bbox 1619 1960 1824 2051; x_wconf 81' lang='lat' dir='ltr'>priori</span> <span class='ocrx_word' id='word_1_110' title='bbox 1873 1958 2016 2026; x_wconf 87' lang='lat' dir='ltr'>loco</span> <span class='ocrx_word' id='word_1_111' title='bbox 2061 1959 2342 2050; x_wconf 84' lang='lat' dir='ltr'>obligata</span> 
     </span>
     <span class='ocr_line' id='line_1_15' title="bbox 229 2072 2344 2165; baseline 0.001 -28"><span class='ocrx_word' id='word_1_112' title='bbox 229 2096 358 2138; x_wconf 84' lang='lat' dir='ltr'>csse</span> <span class='ocrx_word' id='word_1_113' title='bbox 391 2075 703 2164; x_wconf 84' lang='lat' dir='ltr'>sancitum</span> <span class='ocrx_word' id='word_1_114' title='bbox 743 2076 825 2139; x_wconf 85' lang='lat' dir='ltr'>sit</span> <span class='ocrx_word' id='word_1_115' title='bbox 858 2079 892 2158; x_wconf 84' lang='lat'>-(</span> <span class='ocrx_word' id='word_1_116' title='bbox 920 2083 1014 2158; x_wconf 86' lang='lat'>1).</span> <span class='ocrx_word' id='word_1_117' title='bbox 1056 2074 1164 2140; x_wconf 90' lang='lat' dir='ltr'>An</span> <span class='ocrx_word' id='word_1_118' title='bbox 1201 2098 1355 2142; x_wconf 75' lang='lat' dir='ltr'>vero</span> <span class='ocrx_word' id='word_1_119' title='bbox 1393 2088 1459 2139; x_wconf 87' lang='lat' dir='ltr'>et</span> <span class='ocrx_word' id='word_1_120' title='bbox 1499 2072 1635 2139; x_wconf 87' lang='lat' dir='ltr'>fisci</span> <span class='ocrx_word' id='word_1_121' title='bbox 1667 2074 2031 2165; x_wconf 82' lang='lat' dir='ltr'>hypotheca</span> <span class='ocrx_word' id='word_1_122' title='bbox 2064 2078 2132 2138; x_wconf 89' lang='lat' dir='ltr'>in</span> <span class='ocrx_word' id='word_1_123' title='bbox 2158 2075 2344 2139; x_wconf 84' lang='lat' dir='ltr'>bonis</span> 
     </span>
     <span class='ocr_line' id='line_1_16' title="bbox 230 2188 2346 2280; baseline 0.001 -27"><span class='ocrx_word' id='word_1_124' title='bbox 230 2211 489 2268; x_wconf 81' lang='lat' dir='ltr'>eorum,</span> <span class='ocrx_word' id='word_1_125' title='bbox 538 2190 649 2278; x_wconf 87' lang='lat' dir='ltr'>qui</span> <span class='ocrx_word' id='word_1_126' title='bbox 703 2211 857 2255; x_wconf 79' lang='lat' dir='ltr'>cum</span> <span class='ocrx_word' id='word_1_127' title='bbox 897 2213 974 2255; x_wconf 88' lang='lat' dir='ltr'>eo</span> <span class='ocrx_word' id='word_1_128' title='bbox 1013 2201 1472 2255; x_wconf 83' lang='lat' dir='ltr'>contraxerunt</span> <span class='ocrx_word' id='word_1_129' title='bbox 1508 2239 1526 2268; x_wconf 90' lang='lat'>,</span> <span class='ocrx_word' id='word_1_130' title='bbox 1572 2188 1916 2280; x_wconf 85' lang='lat' dir='ltr'>privilegio</span> <span class='ocrx_word' id='word_1_131' title='bbox 1967 2191 2217 2255; x_wconf 87' lang='lat' dir='ltr'>munita</span> <span class='ocrx_word' id='word_1_132' title='bbox 2261 2191 2346 2256; x_wconf 86' lang='lat' dir='ltr'>sit</span> 
     </span>
     <span class='ocr_line' id='line_1_17' title="bbox 229 2299 2343 2396; baseline 0.002 -29"><span class='ocrx_word' id='word_1_133' title='bbox 229 2299 413 2367; x_wconf 81' lang='lat' dir='ltr'>valde</span> <span class='ocrx_word' id='word_1_134' title='bbox 462 2301 844 2394; x_wconf 83' lang='lat' dir='ltr'>disputatur.</span> <span class='ocrx_word' id='word_1_135' title='bbox 894 2304 1058 2368; x_wconf 84' lang='lat' dir='ltr'>Eam</span> <span class='ocrx_word' id='word_1_136' title='bbox 1104 2302 1213 2369; x_wconf 89' lang='lat' dir='ltr'>tali</span> <span class='ocrx_word' id='word_1_137' title='bbox 1269 2302 1582 2368; x_wconf 82' lang='lat' dir='ltr'>beneficio</span> <span class='ocrx_word' id='word_1_138' title='bbox 1639 2326 1773 2369; x_wconf 90' lang='lat' dir='ltr'>non</span> <span class='ocrx_word' id='word_1_139' title='bbox 1828 2327 1952 2369; x_wconf 87' lang='lat' dir='ltr'><strong>esse</strong></span> <span class='ocrx_word' id='word_1_140' title='bbox 2011 2302 2343 2396; x_wconf 85' lang='lat' dir='ltr'>praeditam</span> 
     </span>
     <span class='ocr_line' id='line_1_18' title="bbox 226 2404 2347 2507; baseline 0.002 -27"><span class='ocrx_word' id='word_1_141' title='bbox 226 2415 504 2507; x_wconf 86' lang='lat' dir='ltr'>plurima</span> <span class='ocrx_word' id='word_1_142' title='bbox 550 2420 706 2505; x_wconf 88' lang='lat' dir='ltr'>juris</span> <span class='ocrx_word' id='word_1_143' title='bbox 752 2417 887 2484; x_wconf 88' lang='lat' dir='ltr'>loca</span> <span class='ocrx_word' id='word_1_144' title='bbox 932 2404 1233 2484; x_wconf 78' lang='lat' dir='ltr'>referunt</span> <span class='ocrx_word' id='word_1_145' title='bbox 1272 2424 1382 2502; x_wconf 86' lang='lat'>(2)</span> <span class='ocrx_word' id='word_1_146' title='bbox 1421 2446 1439 2501; x_wconf 82' lang='lat'><em>3</em></span> <span class='ocrx_word' id='word_1_147' title='bbox 1497 2418 1722 2485; x_wconf 87' lang='lat' dir='ltr'>fiscum</span> <span class='ocrx_word' id='word_1_148' title='bbox 1768 2442 1920 2485; x_wconf 84' lang='lat' dir='ltr'>vero</span> <span class='ocrx_word' id='word_1_149' title='bbox 1954 2420 2176 2484; x_wconf 84' lang='lat' dir='ltr'>ceteris</span> <span class='ocrx_word' id='word_1_150' title='bbox 2203 2445 2347 2484; x_wconf 84' lang='lat' dir='ltr'>cre-</span> 
     </span>
     <span class='ocr_line' id='line_1_19' title="bbox 230 2526 2345 2623; baseline 0.002 -31"><span class='ocrx_word' id='word_1_151' title='bbox 230 2526 542 2594; x_wconf 86' lang='lat' dir='ltr'>ditoribus</span> <span class='ocrx_word' id='word_1_152' title='bbox 592 2556 653 2594; x_wconf 77' lang='lat' dir='ltr'><strong>m</strong></span> <span class='ocrx_word' id='word_1_153' title='bbox 698 2556 772 2594; x_wconf 71' lang='lat' dir='ltr'>luz</span> <span class='ocrx_word' id='word_1_154' title='bbox 818 2555 1031 2602; x_wconf 66' lang='lat' dir='ltr'>ros-rm</span> <span class='ocrx_word' id='word_1_155' title='bbox 1072 2555 1384 2609; x_wconf 69' lang='lat' dir='ltr'>Achsrm</span> <span class='ocrx_word' id='word_1_156' title='bbox 1437 2554 1564 2595; x_wconf 84' lang='lat' dir='ltr'>esse</span> <span class='ocrx_word' id='word_1_157' title='bbox 1601 2531 1916 2622; x_wconf 87' lang='lat' dir='ltr'>potiorem</span> <span class='ocrx_word' id='word_1_158' title='bbox 1940 2582 1955 2609; x_wconf 90' lang='lat'>‚</span> <span class='ocrx_word' id='word_1_159' title='bbox 1988 2530 2023 2595; x_wconf 84' lang='lat' dir='ltr'>f</span> <span class='ocrx_word' id='word_1_160' title='bbox 2040 2555 2345 2623; x_wconf 84' lang='lat' dir='ltr'>ragmen-</span> 
     </span>
     <span class='ocr_line' id='line_1_20' title="bbox 230 2640 2341 2736; baseline 0.003 -30"><span class='ocrx_word' id='word_1_161' title='bbox 230 2652 372 2708; x_wconf 87' lang='lat' dir='ltr'>tum</span> <span class='ocrx_word' id='word_1_162' title='bbox 411 2642 677 2735; x_wconf 87' lang='lat' dir='ltr'>Ulpiani</span> <span class='ocrx_word' id='word_1_163' title='bbox 720 2645 937 2711; x_wconf 88' lang='lat' dir='ltr'>statuit</span> <span class='ocrx_word' id='word_1_164' title='bbox 985 2642 1103 2727; x_wconf 76' lang='grc'>(3)</span> <span class='ocrx_word' id='word_1_165' title='bbox 1129 2697 1146 2723; x_wconf 84' lang='grc'><em>,</em></span> <span class='ocrx_word' id='word_1_166' title='bbox 1205 2646 1316 2735; x_wconf 91' lang='lat' dir='ltr'>qui</span> <span class='ocrx_word' id='word_1_167' title='bbox 1364 2640 1446 2709; x_wconf 86' lang='lat' dir='ltr'>ad</span> <span class='ocrx_word' id='word_1_168' title='bbox 1497 2643 1832 2736; x_wconf 86' lang='lat' dir='ltr'>Papiniani</span> <span class='ocrx_word' id='word_1_169' title='bbox 1868 2669 2236 2736; x_wconf 84' lang='lat' dir='ltr'>responsum</span> <span class='ocrx_word' id='word_1_170' title='bbox 2272 2658 2341 2727; x_wconf 81' lang='lat' dir='ltr'>ct</span> 
     </span>
     <span class='ocr_line' id='line_1_21' title="bbox 228 2756 2345 2850; baseline 0.004 -31"><span class='ocrx_word' id='word_1_171' title='bbox 228 2756 534 2848; x_wconf 82' lang='lat' dir='ltr'>principis</span> <span class='ocrx_word' id='word_1_172' title='bbox 560 2759 1076 2835; x_wconf 84' lang='lat' dir='ltr'>constitutionem</span> <span class='ocrx_word' id='word_1_173' title='bbox 1108 2771 1435 2850; x_wconf 86' lang='lat' dir='ltr'>provocat.</span> <span class='ocrx_word' id='word_1_174' title='bbox 1474 2757 1645 2826; x_wconf 90' lang='lat' dir='ltr'>Cum</span> <span class='ocrx_word' id='word_1_175' title='bbox 1670 2783 1819 2826; x_wconf 81' lang='lat' dir='ltr'>vero</span> <span class='ocrx_word' id='word_1_176' title='bbox 1857 2757 2164 2845; x_wconf 81' lang='lat' dir='ltr'>ejusmodi</span> <span class='ocrx_word' id='word_1_177' title='bbox 2185 2762 2345 2848; x_wconf 86' lang='lat' dir='ltr'>juris</span> 
     </span>
     <span class='ocr_line' id='line_1_22' title="bbox 228 2850 2345 2973; baseline 0.003 -40"><span class='ocrx_word' id='word_1_178' title='bbox 228 2869 594 2961; x_wconf 78' lang='lat' dir='ltr'>singulariS‚</span> <span class='ocrx_word' id='word_1_179' title='bbox 643 2850 851 2963; x_wconf 59' lang='lat' dir='ltr'>neque</span> <span class='ocrx_word' id='word_1_180' title='bbox 889 2869 1106 2938; x_wconf 63' lang='lat' dir='ltr'>&#39;ullum</span> <span class='ocrx_word' id='word_1_181' title='bbox 1157 2869 1311 2938; x_wconf 87' lang='lat' dir='ltr'>alibi</span> <span class='ocrx_word' id='word_1_182' title='bbox 1358 2885 1651 2939; x_wconf 84' lang='lat' dir='ltr'>occurrat</span> <span class='ocrx_word' id='word_1_183' title='bbox 1685 2872 2026 2965; x_wconf 82' lang='lat' dir='ltr'>vestigium</span> <span class='ocrx_word' id='word_1_184' title='bbox 2066 2925 2083 2954; x_wconf 90' lang='lat'>,</span> <span class='ocrx_word' id='word_1_185' title='bbox 2138 2852 2345 2973; x_wconf 63' lang='lat' dir='ltr'>nequo</span> 
     </span>
    </p>
   </div>
   <div class='ocr_carea' id='block_1_5' title="bbox 225 3183 2347 3910">
    <p class='ocr_par' dir='ltr' id='par_1_5' title="bbox 313 3183 2113 3283">
     <span class='ocr_line' id='line_1_23' title="bbox 313 3183 2113 3283; baseline 0 -38"><span class='ocrx_word' id='word_1_186' title='bbox 313 3185 422 3265; x_wconf 73' lang='lat' dir='ltr'>(i)</span> <span class='ocrx_word' id='word_1_187' title='bbox 465 3188 540 3246; x_wconf 91' lang='lat' dir='ltr'>L.</span> <span class='ocrx_word' id='word_1_188' title='bbox 595 3209 617 3247; x_wconf 88' lang='lat'>1</span> <span class='ocrx_word' id='word_1_189' title='bbox 667 3186 740 3248; x_wconf 86' lang='lat' dir='ltr'>C.</span> <span class='ocrx_word' id='word_1_190' title='bbox 786 3184 864 3283; x_wconf 67' lang='grc'>4,</span> <span class='ocrx_word' id='word_1_191' title='bbox 909 3183 1029 3263; x_wconf 77' lang='grc'>46,</span> <span class='ocrx_word' id='word_1_192' title='bbox 1073 3188 1169 3266; x_wconf 89' lang='lat' dir='ltr'>(si</span> <span class='ocrx_word' id='word_1_193' title='bbox 1212 3197 1471 3269; x_wconf 80' lang='lat' dir='ltr'>propter</span> <span class='ocrx_word' id='word_1_194' title='bbox 1513 3185 1750 3268; x_wconf 87' lang='lat' dir='ltr'>public.</span> <span class='ocrx_word' id='word_1_195' title='bbox 1797 3187 2113 3269; x_wconf 84' lang='lat' dir='ltr'>peusit.).</span> 
     </span>
    </p>

    <p class='ocr_par' dir='ltr' id='par_1_6' title="bbox 225 3290 2345 3483">
     <span class='ocr_line' id='line_1_24' title="bbox 313 3290 2345 3376; baseline 0.002 -24"><span class='ocrx_word' id='word_1_196' title='bbox 313 3290 433 3373; x_wconf 65' lang='grc' dir='ltr'>(α)</span> <span class='ocrx_word' id='word_1_197' title='bbox 487 3292 555 3353; x_wconf 89' lang='lat' dir='ltr'>L.</span> <span class='ocrx_word' id='word_1_198' title='bbox 599 3292 675 3368; x_wconf 90' lang='lat'>8,</span> <span class='ocrx_word' id='word_1_199' title='bbox 717 3313 787 3353; x_wconf 83' lang='lat'>21</span> <span class='ocrx_word' id='word_1_200' title='bbox 824 3315 972 3375; x_wconf 63' lang='lat' dir='ltr'>pn,</span> <span class='ocrx_word' id='word_1_201' title='bbox 1018 3294 1100 3353; x_wconf 91' lang='lat' dir='ltr'>D.</span> <span class='ocrx_word' id='word_1_202' title='bbox 1150 3292 1214 3353; x_wconf 89' lang='lat' dir='ltr'>h.</span> <span class='ocrx_word' id='word_1_203' title='bbox 1264 3304 1356 3371; x_wconf 64' lang='grc' dir='ltr'>ι..)</span> <span class='ocrx_word' id='word_1_204' title='bbox 1404 3292 1446 3352; x_wconf 89' lang='lat' dir='ltr'>l.</span> <span class='ocrx_word' id='word_1_205' title='bbox 1497 3291 1632 3375; x_wconf 49' lang='grc' dir='ltr'>παρ’</span> <span class='ocrx_word' id='word_1_206' title='bbox 1674 3293 1875 3368; x_wconf 80' lang='lat' dir='ltr'><strong>2,D.</strong></span> <span class='ocrx_word' id='word_1_207' title='bbox 1912 3292 2041 3376; x_wconf 78' lang='grc'>49,</span> <span class='ocrx_word' id='word_1_208' title='bbox 2102 3292 2345 3375; x_wconf 72' lang='lat' dir='ltr'>14(de</span> 
     </span>
     <span class='ocr_line' id='line_1_25' title="bbox 225 3384 1851 3483; baseline 0.001 -26"><span class='ocrx_word' id='word_1_209' title='bbox 225 3399 363 3481; x_wconf 82' lang='lat' dir='ltr'>jure</span> <span class='ocrx_word' id='word_1_210' title='bbox 404 3399 621 3478; x_wconf 81' lang='lat' dir='ltr'>fisci);</span> <span class='ocrx_word' id='word_1_211' title='bbox 669 3398 714 3460; x_wconf 91' lang='lat' dir='ltr'>l.</span> <span class='ocrx_word' id='word_1_212' title='bbox 764 3420 801 3461; x_wconf 84' lang='lat'><em>2</em></span> <span class='ocrx_word' id='word_1_213' title='bbox 845 3400 920 3459; x_wconf 89' lang='lat' dir='ltr'>C.</span> <span class='ocrx_word' id='word_1_214' title='bbox 955 3422 1032 3483; x_wconf 76' lang='lat'>7,</span> <span class='ocrx_word' id='word_1_215' title='bbox 1089 3402 1165 3482; x_wconf 81' lang='lat'>73</span> <span class='ocrx_word' id='word_1_216' title='bbox 1210 3399 1336 3475; x_wconf 81' lang='lat' dir='ltr'>(de</span> <span class='ocrx_word' id='word_1_217' title='bbox 1385 3399 1600 3481; x_wconf 84' lang='lat' dir='ltr'>privil.</span> <span class='ocrx_word' id='word_1_218' title='bbox 1647 3384 1851 3481; x_wconf 72' lang='lat' dir='ltr'>sisci).</span> 
     </span>
    </p>

    <p class='ocr_par' dir='ltr' id='par_1_7' title="bbox 227 3498 2347 3910">
     <span class='ocr_line' id='line_1_26' title="bbox 316 3498 2340 3589; baseline 0.002 -24"><span class='ocrx_word' id='word_1_219' title='bbox 316 3504 423 3588; x_wconf 83' lang='lat'>(3)</span> <span class='ocrx_word' id='word_1_220' title='bbox 467 3506 539 3564; x_wconf 79' lang='lat' dir='ltr'>L.</span> <span class='ocrx_word' id='word_1_221' title='bbox 595 3504 674 3566; x_wconf 85' lang='lat'>28</span> <span class='ocrx_word' id='word_1_222' title='bbox 719 3506 798 3569; x_wconf 91' lang='lat' dir='ltr'>D.</span> <span class='ocrx_word' id='word_1_223' title='bbox 842 3503 924 3588; x_wconf 77' lang='grc'>49</span> <span class='ocrx_word' id='word_1_224' title='bbox 952 3554 969 3581; x_wconf 86' lang='grc'>,</span> <span class='ocrx_word' id='word_1_225' title='bbox 1029 3498 1102 3582; x_wconf 67' lang='lat'>1&#39;4</span> <span class='ocrx_word' id='word_1_226' title='bbox 1137 3504 1549 3581; x_wconf 56' lang='lat' dir='ltr'>3U2v1Anu85</span> <span class='ocrx_word' id='word_1_227' title='bbox 1608 3504 1773 3566; x_wconf 83' lang='lat' dir='ltr'>libro</span> <span class='ocrx_word' id='word_1_228' title='bbox 1821 3506 1908 3566; x_wconf 90' lang='lat'>111</span> <span class='ocrx_word' id='word_1_229' title='bbox 1953 3507 2340 3589; x_wconf 86' lang='lat' dir='ltr'>disputatio-</span> 
     </span>
     <span class='ocr_line' id='line_1_27' title="bbox 229 3608 2346 3696; baseline 0 -24"><span class='ocrx_word' id='word_1_230' title='bbox 229 3631 393 3683; x_wconf 85' lang='lat' dir='ltr'>num·</span> <span class='ocrx_word' id='word_1_231' title='bbox 445 3608 489 3671; x_wconf 51' lang='lat'>=¹</span> <span class='ocrx_word' id='word_1_232' title='bbox 529 3638 557 3666; x_wconf 69' lang='grc' dir='ltr'>«ι</span> <span class='ocrx_word' id='word_1_233' title='bbox 603 3613 679 3674; x_wconf 74' lang='lat' dir='ltr'>Si</span> <span class='ocrx_word' id='word_1_234' title='bbox 712 3613 824 3696; x_wconf 78' lang='lat' dir='ltr'>qui</span> <span class='ocrx_word' id='word_1_235' title='bbox 866 3614 1023 3674; x_wconf 74' lang='lat' dir='ltr'>mila·</span> <span class='ocrx_word' id='word_1_236' title='bbox 1060 3612 1437 3692; x_wconf 80' lang='lat' dir='ltr'>obligaverat</span> <span class='ocrx_word' id='word_1_237' title='bbox 1484 3633 1614 3695; x_wconf 81' lang='lat' dir='ltr'>quoe</span> <span class='ocrx_word' id='word_1_238' title='bbox 1661 3613 1845 3672; x_wconf 77' lang='lat' dir='ltr'>habet</span> <span class='ocrx_word' id='word_1_239' title='bbox 1900 3613 2346 3696; x_wconf 77' lang='lat' dir='ltr'>habiturusque</span> 
     </span>
     <span class='ocr_line' id='line_1_28' title="bbox 229 3716 2347 3802; baseline 0.002 -26"><span class='ocrx_word' id='word_1_240' title='bbox 229 3730 420 3790; x_wconf 83' lang='lat' dir='ltr'>esset,</span> <span class='ocrx_word' id='word_1_241' title='bbox 458 3738 600 3777; x_wconf 84' lang='lat' dir='ltr'>cum</span> <span class='ocrx_word' id='word_1_242' title='bbox 630 3716 791 3800; x_wconf 82' lang='lat' dir='ltr'>fisco</span> <span class='ocrx_word' id='word_1_243' title='bbox 837 3723 1225 3781; x_wconf 78' lang='lat' dir='ltr'>contraxerit</span> <span class='ocrx_word' id='word_1_244' title='bbox 1251 3767 1269 3797; x_wconf 91' lang='lat'>,</span> <span class='ocrx_word' id='word_1_245' title='bbox 1324 3719 1642 3780; x_wconf 81' lang='lat' dir='ltr'>sciendam</span> <span class='ocrx_word' id='word_1_246' title='bbox 1682 3730 1772 3779; x_wconf 78' lang='lat' dir='ltr'>est</span> <span class='ocrx_word' id='word_1_247' title='bbox 1817 3743 1842 3795; x_wconf 88' lang='lat'>‚-</span> <span class='ocrx_word' id='word_1_248' title='bbox 1898 3721 1967 3778; x_wconf 84' lang='lat' dir='ltr'>in</span> <span class='ocrx_word' id='word_1_249' title='bbox 2007 3741 2074 3779; x_wconf 82' lang='lat' dir='ltr'>re</span> <span class='ocrx_word' id='word_1_250' title='bbox 2119 3732 2347 3802; x_wconf 74' lang='lat' dir='ltr'>postea</span> 
     </span>
     <span class='ocr_line' id='line_1_29' title="bbox 227 3824 2347 3910; baseline 0.001 -26"><span class='ocrx_word' id='word_1_251' title='bbox 227 3825 537 3906; x_wconf 70' lang='lat' dir='ltr'>acquisita</span> <span class='ocrx_word' id='word_1_252' title='bbox 561 3824 788 3907; x_wconf 79' lang='lat' dir='ltr'>fiscum</span> <span class='ocrx_word' id='word_1_253' title='bbox 826 3829 1133 3910; x_wconf 74' lang='lat' dir='ltr'>potiorem</span> <span class='ocrx_word' id='word_1_254' title='bbox 1168 3849 1300 3888; x_wconf 78' lang='lat' dir='ltr'><em>esse</em></span> <span class='ocrx_word' id='word_1_255' title='bbox 1334 3826 1554 3887; x_wconf 82' lang='lat' dir='ltr'><strong><em>debere</em></strong></span> <span class='ocrx_word' id='word_1_256' title='bbox 1599 3827 2041 3909; x_wconf 79' lang='lat' dir='ltr'>Papinianum</span> <span class='ocrx_word' id='word_1_257' title='bbox 2086 3847 2347 3909; x_wconf 76' lang='lat' dir='ltr'>respon-</span> 
     </span>
    </p>
   </div>
   <div class='ocr_carea' id='block_1_6' title="bbox 227 3930 2349 4119">
    <p class='ocr_par' dir='ltr' id='par_1_8' title="bbox 227 3930 2349 4119">
     <span class='ocr_line' id='line_1_30' title="bbox 227 3930 2349 4019; baseline 0.002 -28"><span class='ocrx_word' id='word_1_258' title='bbox 227 3930 400 3994; x_wconf 73' lang='lat' dir='ltr'>disse</span> <span class='ocrx_word' id='word_1_259' title='bbox 428 3976 447 4007; x_wconf 92' lang='lat'>,</span> <span class='ocrx_word' id='word_1_260' title='bbox 514 3935 683 4018; x_wconf 83' lang='lat' dir='ltr'>qaod</span> <span class='ocrx_word' id='word_1_261' title='bbox 714 3947 777 3998; x_wconf 81' lang='lat' dir='ltr'>et</span> <span class='ocrx_word' id='word_1_262' title='bbox 802 3937 1192 3999; x_wconf 78' lang='lat' dir='ltr'>constitutum</span> <span class='ocrx_word' id='word_1_263' title='bbox 1234 3946 1325 3998; x_wconf 81' lang='lat' dir='ltr'>est</span> <span class='ocrx_word' id='word_1_264' title='bbox 1345 3980 1365 4015; x_wconf 86' lang='lat'><strong>,</strong></span> <span class='ocrx_word' id='word_1_265' title='bbox 1395 3937 1696 4019; x_wconf 80' lang='lat' dir='ltr'>praevenit</span> <span class='ocrx_word' id='word_1_266' title='bbox 1718 3937 1885 3996; x_wconf 81' lang='lat' dir='ltr'>enim</span> <span class='ocrx_word' id='word_1_267' title='bbox 1907 3954 2160 3997; x_wconf 78' lang='lat' dir='ltr'>causam</span> <span class='ocrx_word' id='word_1_268' title='bbox 2191 3937 2349 4018; x_wconf 76' lang='lat' dir='ltr'>pig-</span> 
     </span>
     <span class='ocr_line' id='line_1_31' title="bbox 227 4036 751 4119; baseline 0.006 -19"><span class='ocrx_word' id='word_1_269' title='bbox 227 4041 413 4100; x_wconf 68' lang='lat' dir='ltr'>noris</span> <span class='ocrx_word' id='word_1_270' title='bbox 423 4036 632 4119; x_wconf 74' lang='lat' dir='ltr'>fiscus</span> <span class='ocrx_word' id='word_1_271' title='bbox 676 4065 708 4095; x_wconf 68' lang='grc' dir='ltr'>ι»</span> <span class='ocrx_word' id='word_1_272' title='bbox 730 4083 751 4103; x_wconf 89' lang='grc'><strong>.</strong></span> 
     </span>
    </p>
   </div>
  </div>
 </body>
</html>
