2893 4778
537 270 633 355 43
860 291 1375 342 COMMENTARII
1409 293 1632 352 ‚sums
1682 292 1967 343 nonum
2018 295 2336 345 rmum.

536 424 1057 516 tel-pretationem
1094 418 1478 513 ampiectens
1495 482 1500 499 ‚
1515 434 1683 488 certe
1741 423 1816 487 iis
1856 420 2329 514 praeferendum
2371 438 2497 507 est,
2546 428 2664 495 ubi

538 539 887 606 accuratius
927 536 1084 624 juris
1112 532 1362 626 regulas
1397 534 1674 627 explicat
1706 539 1726 618 (
1752 548 1773 602 '1
1798 540 1847 620 ).

628 652 729 720 3⁰.
780 649 1004 718 Codex
1023 663 1086 715 et
1097 646 1429 716 Pandectae
1453 701 1470 729 ‚
1487 651 1780 741 quamvis
1800 674 1931 716 non
1951 649 2241 739 ejusdem
2265 653 2392 738 sint
2413 657 2614 745 :etatis
2636 709 2655 738 ‚

537 766 956 836 nihilominus
995 788 1077 830 ex
1115 775 1326 830 mente
1373 765 1413 830 J
1415 766 1717 830 ustlmam
1761 777 2067 856 tanquam
2091 765 2369 851 ejusdem
2408 768 2665 837 Codicis

538 895 746 976 partes
820 882 989 946 inter
1059 903 1121 944 se
1199 881 1726 965 conjunctissimae
1789 878 2100 979 habendae
2147 906 2275 947 esse
2321 882 2631 952 videntur
2645 935 2663 968 ‚

539 1001 628 1065 ita
671 1008 746 1063 ut
800 1018 934 1061 non
982 992 1396 1072 crediderim,
1453 992 1640 1060 illum
1681 972 1990 1085 tanquam
2038 995 2211 1061 hisce
2245 1000 2667 1088 posteriorem

539 1111 843 1203 derogare
907 1105 1155 1174 debere.
1245 1105 1416 1173 Cum
1476 1110 1651 1174 enim
1723 1109 1762 1174 J
1764 1110 2113 1174 ust1n1anus
2182 1110 2527 1178 Pandectas
2593 1125 2668 1180 et

538 1224 972 1291 Institutiones
1009 1222 1309 1312 componi
1363 1222 1616 1309 juberet
1640 1273 1657 1301 ‚
1703 1246 1804 1288 eas
1837 1247 1988 1289 cum
2031 1221 2271 1290 Codice
2308 1230 2438 1314 jam
2490 1226 2668 1294 facto

541 1337 1015 1406 concordantes*
1062 1337 1216 1423 juris
1274 1337 1466 1402 unius
1523 1335 1728 1404 voluit
1785 1361 1910 1402 esse
1958 1349 2166 1430 partes
2212 1342 2344 1423 (2).
2439 1342 2667 1408 Postea

541 1469 756 1522 autem
809 1464 1065 1520 eatenus
1114 1464 1365 1518 tantum
1426 1454 1497 1517 in
1559 1453 1829 1544 repetita
1888 1449 2294 1543 praelectione
2353 1452 2666 1522 Codicem

542 1571 814 1637 mutavit
839 1620 856 1650 ‚
898 1582 974 1635 ut
1002 1570 1154 1656 juris
1188 1565 1659 1645 emendationes
1700 1580 1989 1634 recenter
2027 1567 2224 1634 factas
2274 1571 2666 1649 contineret,

543 1697 609 1752 et
643 1709 726 1750 ex
771 1685 951 1750 omni
993 1696 1173 1776 parte
1214 1708 1363 1750 cum
1409 1681 1743 1749 Pandectis
1819 1695 1885 1748 et
1951 1682 2462 1769 Institutionibus
2503 1708 2670 1751 con-

544 1811 801 1892 grueret
853 1801 1007 1884 (3);
1059 1798 1207 1865 inde
1250 1824 1399 1867 cum
1457 1798 1848 1864 Justinianus
1898 1797 2426 1864 absolutissimum
2483 1802 2669 1865 omni

544 1916 894 1980 antinomia
934 1939 1207 1982 vacuum
1263 1916 1417 2002 juris
1467 1938 1697 2004 corpus
1735 1913 1938 1979 tribus
1976 1910 2098 1977 illis
2145 1914 2429 2003 partibus
2480 1937 2669 1980 cons-

543 2038 684 2094 tans
732 2029 966 2094 habere
1012 2028 1238 2110 vellet3
1289 2052 1422 2094 non
1469 2040 1595 2107 est,
1640 2025 1815 2119 quod
1844 2026 2216 2107 credamusr
2249 2051 2398 2093 eum
2420 2079 2436 2107 ‚
2481 2031 2671 2097 novis
2717 2058 2724 2061 ·

544 2141 791 2233 legibus
825 2142 894 2207 in
916 2141 1155 2208 Codice
1191 2144 1410 2234 positis
1435 2195 1452 2222 ,
1498 2167 1572 2208 ea
1603 2166 1748 2233 quae
1787 2143 1856 2206 in
1901 2142 2179 2233 Digestis
2222 2140 2417 2208 relata
2450 2156 2668 2229 erant,
2705 2210 2710 2215 ,

544 2254 758 2329 denuo
797 2269 1091 2322 mutasse.
1144 2260 1452 2323 Attamen
1487 2257 1965 2323 constitutiones
2014 2255 2271 2335 Codicis
2319 2281 2485 2325 nova
2526 2269 2668 2323 sta-

543 2379 792 2435 tuentes
823 2380 888 2436 et
914 2368 1428 2462 jurisprudentiae
1454 2369 1521 2434 in
1549 2368 1823 2459 Digestis
1849 2368 2319 2460 comprehensa!
2348 2382 2671 2463 praecepta

547 2493 863 2552 mutantes
911 2482 1013 2548 vel
1046 2486 1436 2575 corrigentes
1464 2533 1480 2561 ‚
1525 2483 1595 2546 in
1626 2483 1924 2548 omnibus
1966 2481 2118 2548 loeis
2153 2483 2324 2548 hisce
2359 2482 2671 2577 derogare

547 2596 809 2680 debent,
849 2602 920 2663 in
964 2601 1195 2691 quibus
1249 2601 1401 2687 juris
1440 2601 1670 2664 mutati
1701 2598 1913 2665 adhuc
1977 2600 2241 2689 vestigia
2276 2612 2671 2683 occurrunt3

545 2709 772 2777 eodem
806 2712 997 2780 modo
1021 2765 1039 2793 ‚
1088 2739 1220 2806 quo
1261 2715 1690 2788 Institutiones
1738 2712 2072 2779 Pandectis
2125 2711 2433 2805 derogare
2495 2712 2672 2779 dixi-

548 2852 688 2896 mus
737 2825 888 2922 (4).
923 2830 1094 2895 Nam
1131 2829 1417 2919 quamvis
1437 2828 1822 2892 Justinianus
1863 2825 1953 2891 nil
1977 2828 2235 2918 penitus
2258 2828 2672 2919 antiquatum

549 2946 622 3011 in
672 2941 1006 3009 Pandectis
1057 2954 1384 3032 receptum
1445 2965 1571 3007 esse
1623 2940 1968 3008 declararet
2010 2940 2078 3026 (5
2095 2947 2115 3024 )
2134 2990 2152 3020 ‚
2205 2954 2486 3009 attamen
2552 2956 2672 3011 aut

639 3308 997 3400 (1)Itaid.
1039 3308 1270 3394 §25L
1309 3306 1869 3394 derogaturperl.
1914 3305 2378 3391 7‚§7,inf.
2423 3306 2503 3367 D.
2553 3304 2663 3383 41.

563 3442 614 3480 1.
659 3420 771 3503 (de
811 3419 1044 3502 acquir.
1086 3440 1207 3479 ren.
1248 3417 1456 3501 dom.)

634 3552 745 3637 (a)
789 3552 1002 3613 Const.
1054 3549 1197 3612 Deo
1230 3563 1511 3626 auctore,
1558 3548 1588 3632 §
1629 3571 1688 3633 7.
1730 3558 1929 3609 const.
1982 3548 2229 3620 Tanta,
2287 3545 2315 3628 §
2366 3546 2579 3607 12-23.

638 3682 746 3768 (3)
792 3684 1005 3745 Const.
1053 3682 1130 3744 de
1176 3683 1603 3743 emendatione
1642 3682 1932 3758 Codicis,
1969 3682 1999 3766 §
2054 3702 2076 3740 1
2108 3726 2126 3757 ,
2170 3699 2240 3756 2,
2293 3674 2354 3740 5.

639 3813 740 3898 (4)
790 3819 1094 3893 Thibaut,
1141 3816 1187 3876 l·
1223 3837 1278 3877 c.
1329 3839 1392 3899 p.
1435 3814 1661 3899 85-90.

640 3948 748 4032 (5)
793 3950 1003 4010 Const.
1057 3950 1321 4010 Omnem
1357 3949 1737 4032 rez‘pzeblz'coe,
1774 3947 1804 4031 §
1844 3950 1879 4010 3
1906 3995 1924 4025 ,
1966 3945 2107 4010 Deo
2141 3903 2426 4021 aicctore,
2472 3941 2505 4027 ᾖ
2555 3964 2673 4023 103

561 4056 763 4129 Tanta
791 4102 808 4132 ‚
845 4054 873 4138 ᾗ
924 4075 1018 4116 11.
