2893 4778
564 310 711 404 510
891 334 1404 384 oouMnurAnn
1455 336 1657 384 sums
1707 336 1991 385 nouam
2040 339 2359 390 rantur.
2429 387 2434 391 ,

649 461 818 551 Quae
836 459 1204 552 hypotheca
1228 472 1302 525 ut
1339 458 1535 525 alicui
1564 462 1808 550 acquiri
1834 439 2028 551 pooeit
2043 513 2060 540 ‚
2085 464 2445 553 requiritur
2468 490 2490 530 ε

648 601 711 642 a.
752 577 847 642 Ut
890 573 972 640 ad
990 573 1241 641 aedificii
1270 574 1512 641 ruinosi
1529 576 1992 658 restitutionem
2021 576 2335 645 creditum
2370 580 2487 660 sit3
2524 577 2677 647 inde

555 715 691 759 non
722 695 1029 781 competit
1080 691 1180 767 ei,
1208 690 1347 779 -qui
1393 687 1477 754 ad
1508 711 1752 756 novum
1797 687 2137 757 aedificium
2178 683 2675 773 exstruendum.

556 804 658 874 vel
694 803 777 870 ad
825 801 1206 869 refectiones
1256 806 1375 886 (1)
1427 801 1501 867 in
1547 799 1822 868 aedificio
1863 801 2264 872 solummodo
2308 806 2627 874 faciendas
2648 856 2668 889 ‚

552 921 895 1014 pecuniam
947 913 1239 984 credidit.

647 1033 707 1098 b.
748 1031 1025 1099 Pecunia
1055 1039 1385 1094 numerata
1428 1026 1678 1095 credita
1705 1028 1786 1095 sit
1819 1042 2106 1120 oportet3
2141 1030 2289 1098 inde
2316 1056 2452 1099 non
2475 1032 2675 1101 habet

550 1149 812 1214 tacitam
844 1143 1311 1235 hypothecam,
1345 1144 1462 1234 qui
1490 1166 1558 1211 v.
1603 1166 1660 1209 c.
1698 1145 1991 1210 materias
2024 1144 2276 1211 aedificii
2301 1146 2673 1214 exstruendi

551 1285 737 1328 causa
761 1257 1069 1327 vendidit.

644 1374 699 1415 c.
745 1350 852 1417 Ad
899 1348 1024 1415 hoc
1068 1345 1307 1413 autem·
1340 1344 1581 1412 credita
1630 1370 1758 1412 esse
1813 1345 2003 1414 debet
2041 1350 2347 1438 pecunia,
2386 1361 2463 1416 ut
2516 1348 2676 1417 aedi-

549 1466 770 1535 ficium
799 1464 948 1532 inde
983 1475 1390 1546 exstruatur3
1446 1462 1677 1556 quodsi
1712 1464 1977 1530 fortuito
2005 1490 2153 1531 casu
2187 1466 2257 1531 in
2285 1465 2356 1531 id
2385 1466 2669 1559 impensa

536 1581 779 1659 fuerit,
819 1579 1182 1671 hypotheca
1201 1576 1418 1643 locum
1466 1601 1602 1643 non
1645 1577 1849 1644 habet
1884 1583 2023 1661 (2).

637 1695 705 1761 d.
754 1694 979 1783 Neque
1029 1715 1182 1758 vero
1224 1713 1468 1757 necesse
1526 1703 1617 1757 est
1676 1689 2031 1757 debitorem
2093 1690 2198 1758 illa
2250 1694 2527 1785 pecunia
2581 1692 2666 1760 ad

547 1807 795 1875 aedificii
821 1807 1287 1873 restitutionem
1322 1828 1449 1870 esse
1487 1828 1707 1888 usum3
1747 1831 1898 1870 nam
1935 1830 2181 1898 semper
2211 1805 2336 1873 hoc
2376 1795 2667 1889 tenetur,

543 1918 790 1987 etiamsi
825 1916 942 1983 alia
975 1916 1235 1983 fortasse
1261 1915 1533 2006 pecunia
1568 1928 1979 1982 exstructum.

632 2031 742 2100 Ad
775 2030 927 2097 alios
956 2053 1129 2097 casus
1147 2028 1315 2095 hanc
1355 2028 1788 2121 hypothecam
1827 2028 2168 2096 extendere
2189 2053 2328 2096 non
2352 2027 2504 2097 licet
2530 2031 2668 2118 (3).

632 2147 900 2213 Initium
925 2144 1304 2238 hypothecae
1337 2145 1460 2210 erit
1486 2156 1739 2237 tempus
1768 2169 1898 2236 quo
1910 2146 2179 2236 pecunia
2193 2158 2528 2213 numerata
2555 2158 2668 2214 est.

542 2365 576 2451 ς
620 2361 768 2430 XII.
811 2361 929 2428 De
963 2364 1247 2453 ngmore
1301 2362 1500 2426 tacito
1550 2357 1943 2451 pupillorum
1999 2358 2123 2425 vel
2168 2362 2541 2441 minorum,
2590 2362 2664 2426 in

925 2475 1121 2543 rebus
1194 2499 1417 2542 eorum
1477 2479 1767 2567 pecunia
1824 2479 2244 2567 comparatis.

631 2665 782 2758 374.
827 2668 932 2733 Ex
961 2650 1415 2733 constitutione
1439 2664 1659 2734 Severi
1696 2678 1761 2732 et
1793 2666 2112 2732 Antonini
2137 2662 2481 2732 Caracallae
2521 2688 2661 2755 pu·-

537 2779 704 2872 pillis
741 2793 930 2872 atque
960 2781 1318 2848 minoribus
1357 2780 1550 2848 tacita
1582 2780 1953 2875 hypotheca,
1981 2779 2128 2846 data
2157 2793 2251 2848 est
2284 2786 2308 2864 ,’
2367 2783 2440 2846 in
2469 2780 2662 2847 rebus

619 3079 745 3155 (ι)
787 3074 983 3137 Aliud
1025 3087 1119 3138 est
1168 3077 1528 3153 restituere,
1571 3056 1743 3137 aliud
1783 3077 2076 3156 reficere3
2123 3073 2165 3135 l.
2219 3097 2242 3136 1
2301 3076 2385 3135 D.
2413 3121 2434 3152 ‚
2488 3064 2652 3153 cits,

535 3204 736 3268 comp.
785 3207 928 3246 cum
967 3184 1011 3247 l.
1064 3208 1169 3260 10,
1220 3184 1250 3268 §
1296 3207 1372 3260 1,
1421 3187 1502 3248 D.
1551 3207 1623 3270 7,
1677 3184 1739 3264 4.
2066 3164 2070 3169 ’

623 3294 756 3373 (2)
802 3292 934 3353 Hoc
997 3304 1466 3354 controversum
1504 3303 1599 3353 est
1647 3292 1729 3353 ob
1775 3292 1938 3353 Nov.
1983 3311 2110 3375 97,
2158 3311 2212 3350 c.
2258 3309 2343 3368 23
2391 3298 2489 3349 ast
2543 3287 2658 3348 hic

530 3395 705 3459 locus
734 3398 810 3459 de
839 3401 1164 3459 existentia
1203 3400 1403 3461 tacitae
1434 3397 1802 3481 hypothecae
1834 3408 2057 3461 nostrae
2085 3417 2210 3460 non
2241 3404 2470 3455 tractat
2492 3441 2511 3470 ‚
2544 3393 2658 3456 sed

532 3505 612 3565 de
654 3504 986 3587 privilegio
1040 3486 1391 3588 pignorisj
1424 3505 1597 3588 quod
1657 3505 1920 3566 inferius
1976 3500 2466 3579 illustrabimu53
2514 3520 2653 3582 arg.

533 3609 615 3671 ab
668 3610 953 3694 analogia
1002 3633 1115 3694 pro
1164 3621 1373 3672 nostra
1415 3613 1713 3695 opinione
1758 3611 2034 3673 continet
2083 3607 2128 3668 l.
2186 3629 2209 3667 1
2263 3605 2292 3689 §
2335 3626 2378 3689 9
2411 3651 2433 3684 ‚
2515 3601 2564 3665 l.
2615 3625 2655 3688 7

530 3711 613 3772 D.
662 3711 773 3789 14,
837 3732 858 3771 1
917 3711 1046 3793 (de
1081 3713 1394 3775 exercitor.
1433 3717 1641 3795 act.).

615 3820 723 3900 (3)
766 3818 864 3878 Ad
900 3841 1088 3882 naves
1115 3821 1378 3903 pecunia
1404 3817 1611 3879 aliena
1628 3828 1964 3903 exstructas
1988 3814 2248 3897 plurimi
2277 3813 2398 3877 hoc
2423 3815 2658 3899 pignus

534 3925 878 3986 extendunt
925 3926 1006 3988 ob
1045 3925 1090 3990 l.
1146 3926 1190 3988 6
1242 3927 1323 3986 D.
1369 3946 1491 4006 20,
1547 3923 1589 4004 4
1635 3926 1795 4010 (qui
1846 3925 2072 4009 potior.
2128 3925 2197 3985 in
2257 3921 2444 4007 pig.)
2488 3917 2661 3984 male

528 4030 938 4115 intellectam.
