2893 4778
480 307 623 397 452
802 323 1313 383 counanunn
1364 327 1572 405 sums
1623 326 1905 379 nomm
1953 328 2270 379 rum-1⁹1.

470 451 843 519 servitutem
880 450 1350 518 constituebant
1379 499 1397 530 ‚
1456 447 1538 517 de
1582 474 1711 544 qua
1749 475 1904 522 vero
1940 450 2133 519 hodie
2170 460 2442 521 tractare
2477 474 2601 519 su-

480 586 943 657 pervacaneum
981 563 1166 631 nobis
1205 562 1460 634 videtur
1505 567 1527 650 (
1556 589 1578 632 1
1608 569 1651 649 ).

740 736 825 805 D.
877 735 1453 828 Quemadmodum
1496 740 1840 805 servitutes
1885 741 2326 831 acquiruntur.

678 877 711 963 ς
768 874 820 941 1.
882 876 1001 943 De
1062 879 1439 944 servitutum
1499 880 1926 967 acquisitione
1984 880 2386 967 generatim.

568 1039 721 1109 313.
769 1038 941 1105 Tam
978 1061 1393 1130 personarum
1442 1062 1641 1129 quam
1687 1037 2078 1130 praediorum
2119 1033 2447 1107 servitutes
2484 1063 2591 1107 se·-

475 1157 817 1252 quentibus
858 1155 1064 1225 modis
1105 1158 1578 1249 acquiruntur:
1615 1164 2034 1244 testamento,
2075 1159 2542 1250 adjudicatione
2558 1197 2590 1244 5

475 1278 930 1346 conventione.

566 1388 969 1456 Praediorum
1014 1388 1342 1457 servitutes
1382 1399 1696 1479 praeterea
1735 1386 1931 1481 longa
1985 1390 2164 1482 quasi
2196 1389 2584 1483 possessione

482 1517 750 1599 possunt
784 1506 1118 1583 constitui,
1179 1501 1564 1572 ususfructus
1597 1504 1940 1595 aliquando
1973 1507 2110 1598 ipso
2142 1508 2282 1595 jure
2314 1506 2585 1573 obtinet.

478 1622 896 1688 Testamento
961 1618 1287 1704 servitutes
1359 1619 1837 1685 constituuntur
1874 1618 2096 1711 legatis
2120 1670 2137 1699 ‚
2210 1642 2330 1686 nec
2381 1618 2587 1686 solum

479 1733 869 1802 ususfructus
898 1782 914 1811 ‚
939 1743 1167 1797 ususet
1203 1731 1546 1813 habitatio,
1580 1755 1726 1823 quae
1750 1733 2078 1825 saepissime
2114 1730 2437 1824 legantur,
2474 1728 2589 1800 sed

478 1851 674 1916 etiam
709 1851 849 1934 jura
882 1843 1273 1938 praediorum
1324 1850 1400 1931 (2
1424 1850 1472 1930 ).

573 1965 613 2033 3
629 1961 1228 2050 14.Adjudicatione
1257 1964 1587 2031 servitutes
1610 1962 1907 2029 constitui
1923 1974 2187 2056 possunt
2210 1987 2345 2030 non
2372 1963 2583 2030 minus

481 2104 558 2147 ac
607 2080 958 2173 proprietas
1009 2075 1148 2143 dari
1199 2078 1271 2142 in
1313 2075 1564 2165 judiciis
1604 2075 1913 2144 divisoriis
1947 2127 1965 2155 ,
2029 2078 2119 2143 ita
2169 2091 2242 2145 ut
2276 2077 2588 2155 sententia.

480 2193 607 2261 lata
617 2194 882 2262 servitus
892 2191 1202 2283 acquisita
1217 2189 1510 2257 habenda
1531 2192 1637 2257 sit.
1658 2189 2065 2275 Usnsfructus
2088 2190 2202 2258 tali
2214 2190 2407 2258 modo
2426 2215 2584 2257 con-

481 2308 759 2388 ceditur,
792 2309 843 2378 si
874 2308 1114 2373 arbiter
1141 2291 1322 2386 alteri
1357 2306 1451 2371 rei
1486 2307 1969 2399 proprietatem,
2005 2305 2187 2374 alteri
2227 2309 2328 2395 jus
2358 2302 2585 2374 utendi

481 2425 724 2492 tribuat
759 2422 907 2506 (3),
931 2424 1195 2491 servitus
1232 2422 1465 2487 rustica
1487 2471 1504 2501 ‚
1544 2420 1804 2511 quando
1847 2419 2051 2489 fundo
2095 2423 2424 2489 communi
2474 2419 2585 2487 di-

482 2539 619 2606 viso
636 2588 653 2617 ,
695 2536 879 2603 alteri
924 2538 1048 2603 iter
1080 2584 1098 2616 ‚
1156 2533 1253 2604 vel
1299 2547 1474 2601 actus
1494 2585 1511 2613 ‚
1567 2533 1669 2601 vel
1709 2560 1891 2628 aquae
1936 2533 2179 2603 ductus
2210 2518 2587 2605 necessarius

483 2650 720 2731 datur,
765 2663 833 2717 et
865 2654 955 2717 ita
984 2650 1057 2714 in
1092 2648 1404 2714 similibus
1448 2649 1647 2715 causis
1697 2649 1840 2734 (4).

574 2766 728 2833 315.
770 2764 945 2855 Lege
983 2765 1389 2837 constituitur
1436 2759 1827 2830 ususfructus
1871 2763 1943 2828 in
1969 2766 2256 2857 quinque
2312 2763 2593 2847 casibusff

479 2903 641 2970 quos
707 2878 836 2945 hoc
899 2876 1044 2945 loco
1146 2874 1482 2969 designare
1529 2929 1561 2959 ‚-
1639 2877 1791 2944 alibi
1868 2902 2025 2948 vero
2102 2881 2595 2971 opportunitate

565 3134 675 3219 (ι)
714 3134 796 3196 D.
843 3156 879 3219 7
910 3181 928 3211 ,
973 3130 1018 3195 6
1046 3131 1171 3217 (de
1196 3152 1368 3216 oper.
1412 3153 1572 3197 serv.
1604 3134 1658 3210 ).
1702 3129 1879 3193 Hanc
1927 3134 2289 3195 servitutem
2328 3132 2397 3193 in
2437 3131 2589 3193 ani-

477 3243 747 3307 malibus
784 3241 992 3303 adhuc
1011 3244 1305 3304 constitui
1346 3263 1522 3326 posse
1548 3250 1728 3325 putat
1752 3240 1934 3304 Heise
1963 3289 1981 3321 ‚
2026 3244 2115 3302 im
2156 3239 2534 3302 Grundn‘sse
2551 3288 2581 3322 0

474 3348 587 3412 lib.
645 3349 754 3427 ΙΙ,
815 3347 844 3429 §
890 3345 969 3408 80
1011 3359 1155 3410 nota
1205 3369 1268 3432 9.

559 3452 671 3536 (α)
715 3452 880 3514 Vide
924 3456 1064 3538 Dig.
1095 3453 1208 3516 lib.
1244 3455 1360 3532 33,
1413 3457 1515 3517 tit.
1563 3476 1599 3515 2
1649 3466 1711 3517 et
1759 3456 1840 3531 3,
1874 3456 2087 3539 ibique
2132 3453 2577 3559 Westenberg.

477 3559 620 3622 Haec
673 3558 874 3643 legata
915 3563 1041 3622 suis
1083 3559 1237 3623 locis
1283 3561 1759 3625 illustrabimus.

560 3669 785 3754 (3)L.
824 3668 981 3754 6,§
1031 3690 1105 3750 1,
1154 3672 1232 3732 D.
1272 3694 1350 3755 7,
1401 3694 1467 3745 1,
1518 3672 1643 3752 (de
1689 3665 2182 3750 usufructu);l
2188 3713 2204 3731 .
2269 3666 2584 3751 16,§1,

454 3785 556 3845 D.
613 3805 718 3861 10,
754 3801 835 3861 23
885 3781 1119 3858 (famil.
1178 3763 1696 3864 herciscundae);
1736 3780 1797 3844 l..
1830 3781 1911 3865 6,
1951 3782 1982 3866 §
2027 3802 2098 3843 10
2128 3827 2146 3859 ‚
2193 3780 2276 3842 D.
2333 3800 2405 3841 10
2435 3825 2455 3856 ,
2505 3778 2591 3856 3,

471 3889 841 3971 (communi
878 3888 1291 3971 dividundo).

556 3990 780 4078 (ML
818 3992 2581 4084 22,§3,D.10,2,(tit.cit.),1.2‚§1.n.1o,

472 4102 553 4184 3,
619 4104 721 4165 tit.
763 4104 876 4167 cit.
