2893 4778
864 311 1079 358 LIBER.
1130 311 1214 358 11.
1263 328 1361 343 --
1410 310 1565 360 CAP.
1620 316 1702 362 11.
2198 290 2347 391 429

330 433 483 523 289.
532 432 591 498 b.
640 429 794 501 Alia'
828 431 1061 500 harum
1103 435 1484 502 servitutum
1511 432 1751 500 indoles
1782 434 1916 500 haec
1952 446 2072 514 est,
2104 448 2181 501 ut
2219 439 2348 502 sint

226 554 377 639 jura
401 546 733 615 individua
763 599 785 632 ,
831 547 905 613 h.
938 572 991 614 e.
1011 601 1027 629 ‚
1055 547 1214 615 talia
1253 573 1395 640 quae
1435 548 1718 641 plurium
1753 573 1873 640 pro
1902 563 2038 615 rata
2064 574 2191 617 esse
2212 575 2347 615 non

229 676 495 755 possunt
553 667 695 746 (11⁰.
756 662 884 750 89)
959 666 1099 747 (1).
1175 661 1423 751 Quodsi
1479 658 1651 753 ergo,
1687 661 1896 753 plures
1941 665 2068 729 sint
2120 664 2348 755 praedii

230 777 621 845 dominantis
659 774 947 857 domini,
992 775 1259 869 singulis
1297 780 1370 843 in
1408 776 1682 844 solidum
1714 780 1977 845 servitus
2004 780 2344 869 competit,

233 916 357 982 nec
403 915 522 982 pro
565 902 746 982 parte
796 891 1037 982 acquiri
1077 895 1099 973 (
1119 895 1193 978 2)
1230 942 1247 972 ,
1294 892 1570 958 exerceri
1610 942 1626 968 ‚
1685 903 1796 957 aut
1835 891 2090 959 vindica
2120 895 2174 956 ri
2211 879 2299 976 (3)
2321 944 2338 971 ,

234 1029 357 1073 nec
387 1030 503 1096 pro
549 1017 728 1096 parte
756 1006 963 1073 amitti
1001 1016 1207 1097 potest
1238 1010 1257 1089 (
1274 1004 1350 1090 4)
1379 1032 1398 1089 3
1434 1004 1708 1095 quilibet
1731 1008 1947 1097 itaque
1978 1031 2200 1072 eorum
2230 1031 2344 1072 suo

234 1141 357 1183 usu
390 1129 596 1208 tptam
626 1122 995 1189 servitutem
1039 1121 1311 1198 retinet,
1361 1132 1424 1185 et
1457 1118 1845 1185 vindicando
1886 1133 2087 1186 totam
2124 1146 2344 1212 perse-

238 1239 481 1328 quitur.
532 1237 828 1329 Denique
867 1286 883 1315 ‚
947 1237 1062 1302 etsi
1111 1235 1366 1300 nonnisi
1413 1258 1580 1300 unus
1614 1237 1697 1301 sit
1731 1233 2028 1300 dominus
2069 1235 2294 1325 praedii
2320 1287 2345 1315 ,

236 1351 347 1417 hic
385 1364 633 1443 partem
689 1352 1007 1419 servitutis
1047 1352 1370 1415 remittere
1416 1350 1686 1440 nequit,
1750 1348 1860 1416 sed
1905 1362 2106 1416 totam
2158 1348 2348 1424 debet

230 1490 483 1534 servare
526 1478 640 1533 aut
684 1470 991 1531 amittere.
1040 1462 1190 1530 Haec
1234 1464 1614 1531 servitutum
1669 1477 1895 1531 natura
1936 1475 2152 1530 tamen
2210 1489 2347 1530 non

237 1579 507 1672 impedit
539 1631 558 1661 ‚
621 1582 968 1671 quominus
1014 1580 1181 1670 parti
1238 1576 1507 1666 alicujus
1551 1577 1778 1669 praedii
1845 1580 2345 1646 servitus-cons-

234 1696 542 1775 tituatur,
600 1707 708 1761 aut
746 1719 891 1787 pars
941 1720 979 1763 a
1029 1692 1332 1761 servitute
1397 1694 1470 1757 in
1511 1704 1648 1762 toto
1701 1691 1946 1784 praedio
2002 1695 2345 1762 constituta

234 1806 543 1874 liberetur
584 1807 658 1893 (5
678 1813 722 1894 ).·

332 1946 480 2013 290.
550 1946 612 1987 ο.
681 1920 850 1989 Illud
912 1921 1107 1988 etiam
1191 1922 1390 2011 quaeri
1452 1917 1610 1987 solet
1650 1971 1668 2000 ‚
1745 1945 1829 1986 an
1891 1919 2121 2011 praedii
2187 1945 2344 1991 ser-

235 2041 466 2107 vientis
526 2038 824 2105 dominus
880 2038 1102 2104 eadem
1157 2036 1360 2104 fundo
1413 2062 1531 2104 suo
1588 2038 1814 2105 utendi
1870 2033 2020 2125 jura.
2067 2029 2300 2111 habeat
2327 2094 2344 2121 ,

235 2177 379 2245 quae
410 2154 709 2222 servitute
750 2151 934 2217 alteri
982 2169 1269 2219 concessa
1302 2163 1452 2217 sunt
1485 2176 1505 2233 3
1542 2162 1608 2216 et
1642 2150 1752 2218 hic'
1793 2175 1872 2220 eo
1916 2151 2345 2221 moderamine

234 2293 350 2335 suo
389 2271 525 2353 jure
571 2269 665 2333 uti
711 2265 935 2333 debeat
975 2292 993 2331 ε
1040 2278 1115 2331 ut
1159 2264 1421 2332 domino
1464 2265 1559 2330 rei
1607 2267 1727 2356 ipsi
1769 2288 2015 2358 semper
2054 2266 2163 2334 hic
2200 2291 2361 2337 usus

233 2381 639 2474 reliquatur?
668 2380 951 2479 Eatenus
987 2392 1240 2448 tantum
1296 2376 1524 2473 praedii
1565 2380 1811 2447 onerati
1852 2378 2187 2450 dominum
2221 2381 2347 2456 tale

323 2727 548 2811 (1)L.
598 2686 1194 2811 17,D.h.t.;'l.
1244 2747 1282 2789 2
1344 2682 2205 2812 §1'›l·7zpr·;D·45’
2267 2750 2342 2806 1,

235 2833 946 2914 (deverb.obl.);l.
1003 2854 1026 2894 1
1095 2824 1468 2919 §9,l.7,
1516 2834 1562 2896 l.
1607 2833 1686 2897 80
1751 2835 1902 2918 §1,
1953 2836 2035 2896 D.
2091 2835 2208 2910 35,
2260 2855 2341 2911 2,

243 2937 372 3022 (ad
410 2938 526 3022 leg.
558 2937 698 3002 falc.
730 2941 804 3022 )·,
839 2941 1072 3021 optime
1111 2961 1229 3024 pro
1267 2938 1504 3023 ingenii
1552 2943 1651 3001 sui
1688 2942 1970 3002 acumine
2004 2940 2123 3003 hoc
2156 2962 2349 3024 argu—
2462 2992 2469 2997 .

237 3057 520 3107 mentum
559 3044 907 3109 illustravit
944 3026 1258 3117 Schrader-⁸
1284 3045 1329 3110 l.
1370 3069 1423 3109 c.
1451 3094 1471 3127 ,
1509 3047 1540 3131 §
1584 3047 1665 3129 53
1727 3047 2002 3131 regulam
2050 3060 2348 3132 tanquam

238 3142 313 3217 ex
337 3157 708 3219 servitutum
737 3167 958 3217 natura
981 3177 1112 3218 non
1144 3158 1488 3224 necessario
1509 3156 1918 3241 profluentem
1944 3155 2349 3242 reprehendit

238 3262 587 3326 Pardessus
607 3309 628 3340 ,
648 3261 694 3324 l.
726 3285 779 3324 c.
801 3310 819 3341 ,
851 3280 946 3325 11⁰.
979 3263 1200 3327 22-26.

325 3417 441 3502 (2)
482 3417 552 3478 L.
602 3416 723 3495 28,
766 3418 888 3497 32,
932 3419 1014 3479 D.
1055 3416 1138 3496 8,
1179 3418 1219 3478 3
1254 3465 1273 3495 ,
1315 3417 1435 3501 (de
1474 3437 1636 3483 serv.
1681 3417 1871 3501 praed.
1916 3429 2071 3482 rust.
2094 3419 2140 3502 ).

334 3572 438 3656 (3)
478 3574 551 3635 L.
588 3571 672 3653 4,
722 3572 754 3656 §
800 3573 883 3653 4,
935 3573 1019 3653 5,
1066 3573 1149 3635 D.
1193 3571 1277 3650 8,
1325 3563 1414 3653 '5,
1466 3576 1567 3655 (si
1600 3577 1819 3644 servit.
1854 3573 2101 3652 vind.).

320 3728 434 3811 (4)
474 3729 544 3815 L.
595 3728 668 3792 18
696 3779 714 3807 ,
747 3730 790 3792 l.
819 3734 892 3793 31
931 3781 950 3811 ,
983 3733 1063 3814 34
1092 3758 1189 3818 pr.
1214 3737 1296 3799 D.
1335 3735 1378 3798 8
1407 3784 1427 3815 ,
1466 3738 1504 3798 3
1538 3785 1555 3815 ,
1589 3737 1723 3822 (tit.
1766 3738 1925 3823 cit.)
1963 3736 2064 3822 31.
2104 3757 2176 3801 10
2200 3758 2344 3823 pr„

236 3834 322 3900 D.
368 3834 411 3896 8
436 3883 455 3914 ,
503 3835 587 3917 6,
634 3837 1191 3921 (quemadmodum
1228 3843 1443 3905 servit.
1495 3842 1696 3939 amitt.
1721 3842 1772 3928 '-

319 3992 440 4080 (5)
482 3992 555 4060 L.
611 3993 699 4075 6,
744 3997 826 4062 D.
875 3996 957 4079 8,
1022 4015 1048 4064 1
1086 4044 1109 4078 ,
1147 3995 1423 4081 (ιη),
