2893 4778
560 291 708 369 558
832 331 837 336 ·
1494 308 1743 359 mnex.

564 439 596 522 ς
636 431 936 499 xxxvl.
1045 430 1141 495 De
1175 427 1326 515 juris
1351 431 1595 494 romani
1617 427 2064 512 interpretibus
2078 429 2148 492 in
2171 431 2507 496 Germania
2539 437 2561 473 '⁴

1091 538 1277 602 claris
1295 585 1317 619 ‚
1369 581 2493 607 ............................
2552 565 2623 606 10

561 652 595 738 §
636 648 956 714 XXXVII.
1039 648 1134 711 De
1174 669 1293 709 usu
1337 656 1399 709 et
1450 647 1815 708 auctoritate
1846 647 2000 729 juris
2026 649 2267 710 romani
2310 649 2511 734 deque
2627 568 2670 632 ⁷

1090 756 1224 838 ejus
1269 753 1467 815 studii
1512 754 1909 828 necessitate,
1946 798 2494 821 ..............
2555 760 2680 839 ιι4

563 864 596 951 §
636 862 999 927 XXXVIII.
1040 861 1137 922 De
1179 860 1443 923 diversis
1482 856 1794 920 methodis
1849 857 2160 920 tractandi
2206 859 2508 923 docendi—

1091 989 1213 1052 que
1264 967 1422 1050 juris
1457 963 1746 1043 romani,
1785 1008 2498 1032 .
2556 988 2677 1055 119

823 1149 1035 1213 Cum·
1069 1147 1182 1212 IV.
1222 1145 1613 1211 Bibliotheca
1636 1145 1805 1224 juris
1844 1145 2093 1207 romani
2138 1145 2382 1208 selecta.

560 1335 616 1397 1.
724 1333 947 1396 Lexica
969 1379 988 1411 ,
1047 1375 1225 1397 .....
1236 1379 1241 1386 1
1251 1370 2247 1394 .........................
2245 1412 2251 1418 ο
2273 1372 2494 1392 ......
2554 1350 2578 1406 ζ
2588 1348 2663 1392 21
2737 1380 2745 1392 .

557 1439 639 1500 11.
681 1423 688 1436 “
726 1439 934 1523 opera
968 1434 1464 1521 bibliogmphioe
1484 1473 1554 1514 ,‚
1579 1475 2468 1499 ......................
2510 1433 2668 1497 ibid.

561 1549 675 1609 111.
733 1549 1262 1610 commentatores
1313 1550 1513 1602 textus
1554 1540 1709 1620 juris
1756 1540 2122 1621 justinianei
2145 1586 2496 1618 ........
2553 1563 2670 1606 122

557 1654 638 1716 A.
724 1655 1101 1722 Universum
1146 1650 1301 1732 juris
1336 1666 1562 1726 corpus
1614 1642 1934 1708 illustrant
1983 1645 2181 1730 glossa
2231 1657 2296 1708 et
2343 1659 2507 1711 notae

557 1765 641 1824 D.
689 1758 1059 1822 Gothofredi
1096 1757 1163 1818 in
1204 1764 1299 1816 tot
1332 1751 1716 1815 editionibus
1758 1752 1988 1816 additae
2012 1801 2030 1831 ,
2062 1798 2452 1821 ..........
2502 1758 2665 1820 ibid.

546 1869 626 1938 B,
726 1867 829 1929 Ad
870 1866 1325 1941 Institutiones,
1342 1905 1809 1923 ............
1829 1931 1830 1934 ¹
1831 1905 2053 1923 ......
2067 1909 2070 1912 ,
2076 1904 2466 1926 ..........
2503 1863 2663 1926 ibid.

558 1976 631 2037 C.
726 1974 829 2036 Ad
870 1971 1263 2046 pandectas,
1325 1981 2494 2042 ..........................'...
2553 1974 2666 2036 123

553 2083 637 2145 D.
728 2080 833 2152 Ad
873 2079 1163 2141 Codicem
1184 2123 1203 2154 ‚
1244 2117 1833 2150 ...............
1843 2087 1850 2094 '
1858 2117 2120 2138 .......
2123 2060 2128 2067 ’
2145 2119 2492 2141 .........
2553 2077 2666 2140 125

553 2189 628 2251 E.
727 2189 831 2251 Ad
870 2184 1160 2251 Novellas
1181 2232 1200 2262 ‚
1242 2227 2490 2256 ...............................
2549 2209 2659 2273 127

553 2298 629 2359 F.
726 2292 847 2364 Ad,
870 2291 1112 2376 singula
1156 2292 1311 2375 juris
1365 2291 1725 2375 justinianei
1777 2289 1911 2353 loca
1941 2338 1959 2368 ,
1995 2337 2461 2357 ............
2503 2294 2659 2356 ibid.

555 2405 672 2467 lv,
733 2404 1035 2465 Auctores
1066 2402 1160 2485 jus
1204 2399 1647 2485 justinianeum
1686 2398 1991 2461 didactice
2034 2412 2409 2483 exponentes
2437 2449 2491 2477 ‚.
2552 2405 2662 2465 130

555 2513 636 2574 A.
732 2510 1113 2593 Conspectus
1165 2504 1267 2570 vel
1312 2504 1539 2569 tabulae
1588 2508 1923 2589 synopticae
1945 2553 1964 2584 ,
1981 2553 1995 2568 .
2022 2552 2036 2567 .
2062 2551 2078 2568 .
2101 2551 2120 2569 .
2143 2553 2159 2569 .
2183 2553 2202 2572 .
2224 2553 2242 2572 .
2264 2492 2283 2570 ζ
2305 2555 2325 2573 .
2347 2555 2363 2570 .
2389 2555 2405 2570 .
2429 2555 2448 2573 .
2500 2507 2658 2569 ibid.

554 2621 629 2682 B.
724 2616 1191 2680 Elementorum
1234 2612 1385 2675 libri
1413 2632 1466 2693 ,·.
1489 2604 1548 2678 .’.
1569 2659 1588 2677 .
1609 2661 1629 2679 .
1653 2660 1669 2677 .
1692 2660 1709 2676 .
1733 2594 1792 2677 .'.
1814 2660 2448 2681 ................
2499 2616 2657 2677 ibid.

557 2728 630 2787 C.
724 2724 935 2807 Opera
989 2720 1330 2784 extensiora
1350 2766 1369 2798 ‚
1399 2764 2485 2788 ...........................
2546 2724 2661 2785 132

468 2908 477 2915 ·
556 2833 641 2893 V.
726 2829 965 2914 Scripta
1003 2829 1355 2912 argumenti
1403 2826 1669 2889 forensis
1699 2874 1717 2904 ‚
1772 2872 2494 2893 ..................
2551 2830 2660 2909 140

556 2941 670 3002 VI.
745 2937 1161 3000 Collectiones
1202 2936 1594 3001 diversorum
1624 2955 1811 3018 opera
1856 2945 1918 2997 et
1954 2939 2502 2998 commentationes

797 3045 1208 3106 continentes.
1243 3086 2242 3109 .........................
2264 3063 2283 3081 ·
2306 3090 2325 3110 .
2346 3091 2366 3109 .
2388 3090 2412 3109 .-
2429 3089 2449 3108 .
2472 3089 2493 3109 .
2551 3042 2661 3122 143

558 3150 703 3213 vn.
747 3149 959 3235 Opera
986 3151 1210 3215 omnia,
1225 3146 1614 3233 singulorum
1652 3160 1976 3213 auctorum
2016 3152 2081 3212 in
2123 3172 2319 3212 unum
2354 3149 2499 3212 col-

798 3257 958 3322 lecta
960 3300 2492 3323 ......................................
2552 3254 2663 3336 144

735 3464 906 3511 1.qu
947 3465 1170 3510 ramus
1188 3489 1207 3524 ‚
1249 3464 1565 3510 mazeum
1610 3463 1776 3509 muts
1820 3464 2147 3511 censum
2192 3465 2487 3507 insutus.

680 3620 890 3688 cirm-
930 3626 979 3686 1.
1040 3626 1146 3688 De
1186 3626 1335 3706 jure
1389 3630 1460 3688 in
1520 3628 1864 3691 universum
1927 3627 2173 3714 ejusque
2214 3627 2541 3710 flatibus.

554 3805 635 3866 A.
677 3805 846 3868 Juris
882 3806 1168 3871 definitio
1208 3808 1589 3893 diversaeque
1639 3809 1983 3874 divisiones
1987 3853 2491 3877 .............
2552 3805 2662 3889 υἷ’]

556 3902 2038 3995 B.Delegibus.........................
2063 3958 2490 3982 ...........
2549 3912 2662 3974 152

561 4015 590 4097 ὖ
633 4017 685 4079 Ῑ·
848 4018 944 4084 ΒΘ
984 4020 1187 4108 legum
1243 4025 1311 4090 vi
1355 4035 1544 4109 atque
1593 4035 1814 4091 natura
1820 4070 2077 4097 .......
2099 4072 2102 4073 f
2102 4068 2452 4091 .........
2500 4019 2657 4082 ibid.
