2893 4778
1038 248 1569 339 lim-nonnemo.
2305 304 2347 376 7

224 432 396 487 aetate
440 440 649 509 usque
687 413 773 480 ad
806 411 1251 487 Alexandrum
1289 413 1598 482 Severum
1630 411 1832 483 clariS.
1872 415 2138 485 Summa
2172 421 2242 488 in
2266 448 2344 491 eo

227 534 498 603 mutatio
545 530 719 597 facta
774 529 895 594 sub
937 525 1362 595 Constantino
1399 578 1416 608 ‚
1468 553 1585 620 per
1628 528 1951 622 religionis
1987 532 2372 609 christianae·

224 647 553 743 publicam
622 641 1178 711 confirmationem
1230 655 1298 710 et
1358 644 1610 735 imperii
1666 643 1940 713 formam
2003 626 2343 721 mutatam.

227 765 401 832 Juris
430 761 691 829 romani
719 757 1011 826 collectio
1035 784 1074 823 a
1103 759 1144 825 J
1145 759 1464 825 ustiniano
1492 757 1659 825 facta
1686 773 1779 827 est
1807 761 2031 830 saeculo
2062 769 2346 857 pessimae

227 875 746 972 jurisprudentiae
792 873 1174 941 conditionis
1212 875 1498 966 jurisque
1535 878 1986 968 corruptionis,
2015 881 2165 949 Post
2197 908 2347 952 eum

228 992 385 1059 illud
427 995 529 1080 jus
570 988 746 1083 apud
782 987 1097 1082 populum
1132 986 1348 1081 uigere
1396 987 1613 1065 desiit,
1666 1002 1732 1057 et
1771 989 1867 1056 nil
1909 994 2029 1058 nisi
2060 1021 2198 1086 quae
2236 996 2345 1065 illa

231 1118 604 1174 conservata
643 1117 828 1171 erant
848 1155 865 1184 ‚
902 1105 973 1169 in
1009 1128 1128 1169 usu
1157 1116 1223 1170 et
1252 1103 1592 1168 hominum
1635 1106 1942 1170 memoria
1980 1132 2285 1197 mansere.

314 1217 528 1289 Extra
585 1213 744 1293 fines
802 1213 1012 1304 operis
1050 1213 1253 1278 nostri
1293 1192 1574 1300 positum
1614 1226 1706 1277 est
1744 1210 1874 1278 fata
1904 1217 2059 1302 juris
2099 1221 2349 1284 romani

231 1332 396 1399 hisce
442 1340 723 1422 quatuor
753 1318 1037 1394 aetatibus
1068 1348 1365 1391 enarrare
1400 1377 1417 1406 ‚
1461 1349 1611 1391 cum
1650 1324 1730 1392 ad
1769 1325 2162 1395 tractandam
2187 1333 2227 1395 J
2229 1357 2347 1397 us·-

234 1447 583 1513 tinianeam
652 1428 1221 1533 jurisprudentiam
1290 1438 1739 1507 tantummodo
1807 1446 2136 1509 anterioris
2195 1449 2350 1534 juris
2387 1467 2395 1472 ’

239 1558 435 1636 fontes
472 1557 712 1629 diversi
752 1552 1109 1629 illustrandi
1141 1555 1272 1620 sint
1314 1558 1442 1641 (1).

1173 1724 1202 1808 §
1273 1721 1401 1788 lv.

624 1886 939 1959 Fontium
963 1887 1145 1989 juris
1188 1886 1457 1951 romani
1493 1887 1919 1950 enumeratio.

319 2051 598 2126 Romani
657 2051 778 2147 ipsi
836 2053 930 2138 jus
980 2050 1291 2142 scriptum
1343 2061 1454 2116 aut
1509 2073 1641 2116 non
1686 2050 1997 2142 scriptum
2048 2071 2174 2115 esse
2221 2048 2350 2118 do·-

224 2144 419 2239 icuere
456 2175 641 2256 (2):
689 2167 848 2245 illud
888 2170 1230 2260 expressim
1269 2194 1306 2234 a
1353 2192 1601 2234 summa
1643 2144 2007 2258 reipublicae
2045 2178 2354 2259 potestate

240 2298 370 2353 erat
405 2278 720 2361 statutum
759 2297 824 2351 et
867 2288 1159 2371 iussum3
1212 2283 1337 2351 hoc
1382 2284 1577 2373 tacito
1623 2280 1851 2374 populi
1891 2307 2198 2355 consensu
2236 2307 2347 2349 re-

241 2415 532 2494 ceptum,
573 2412 641 2467 et
677 2401 1000 2483 1110Γί11115,
1035 2400 1137 2469 vel
1178 2406 1553 2467 auctoritate
1586 2396 2133 2491 jurisprudentum
2176 2421 2354 2464 com-

236 2515 580 2608 probatum
622 2513 750 2599 (3).

324 2630 365 2694 J
368 2654 501 2696 uns
538 2630 755 2721 scripti
797 2629 1032 2721 species
1076 2627 1307 2696 fuere·
1289 2656 1307 2695 ε
1343 2629 1561 2720 Leges
1608 2624 1845 2721 popule
1860 2671 1888 2706 ,
1938 2624 2301 2691 Plebiscz'ca
2321 2669 2350 2704 ,

243 2742 834 2814 Senatus-consulta
880 2755 944 2809 et
984 2755 1197 2847 postea
1243 2747 1613 2835 princzpum
1660 2742 2175 2812 Constz'cutz'ones
2220 2744 2241 2822 (
2257 2738 2357 2825 4).
2391 2835 2396 2839 ᾗ

324 2965 428 3044 (1)
472 2961 637 3025 Vide
674 2963 929 3024 Gibbon
963 3011 978 3039 ,
1030 2985 1086 3023 c.
1119 2961 1235 3041 44,
1284 2973 1345 3023 et
1381 2963 1451 3023 L.
1501 2962 1578 3023 A.
1621 2955 2041 3041 Wernkoenig
2086 2960 2355 3020 Institu—

247 3071 489 3130 tionum
534 3074 657 3153 jur.
704 3073 938 3154 privati
986 3070 1096 3129 lib.
1159 3082 1470 3153 quatuor,
1522 3070 1754 3132 introd.
1806 3069 1890 3130 C..
1928 3068 2006 3128 ΙΙ.
2051 3104 2133 3117 -
2178 3067 2357 3148 Opus

253 3173 649 3236 utilissimum
704 3177 869 3235 circa
913 3178 1233 3259 sequentia
1275 3174 1726 3237 consulendum
1770 3194 1973 3258 nuper
2016 3170 2361 3256 publicavit

256 3279 567 3344 Varsaviae
638 3285 658 3363 (
702 3280 898 3367 1820)
965 3282 1083 3343 sub
1137 3282 1324 3346 titulo
1386 3305 1404 3343 ε
1462 3282 1784 3365 Principia
1851 3280 2007 3365 juris
2063 3278 2359 3355 romani,

257 3386 361 3454 W.
399 3390 481 3449 A.
524 3389 963 3474 Macieiowsky
993 3392 1060 3451 111
1101 3390 1297 3453 Univ.
1337 3390 1520 3451 Vars.
1560 3389 1911 3473 professor,
1964 3410 1986 3449 1
2021 3385 2151 3451 vol.
2183 3384 2274 3446 8⁰.

333 3497 440 3577 (2)
484 3496 516 3579 §
559 3497 620 3557 3.
666 3495 819 3559 lust.
875 3518 928 3559 1.
976 3520 1036 3559 2.
1086 3498 1198 3577 (de
1239 3500 1373 3582 jure
1416 3509 1547 3559 nat.
1594 3507 1761 3580 gent.
1807 3507 1872 3558 et
1910 3489 2145 3567 civili).

341 3603 444 3683 (3)
488 3603 557 3664 L.
607 3604 707 3664 32.
755 3604 834 3666 D.
891 3626 942 3666 1.
993 3606 1028 3665 3
1073 3605 1184 3685 (de
1225 3604 1468 3687 legib).

345 3708 449 3790 (4)
491 3710 880 3773 Justinianus
914 3712 1044 3795 in§
1089 3714 1153 3774 3.
1193 3713 1318 3774 1115.
1369 3715 1478 3773 cit.
1527 3715 1621 3796 jus
1673 3706 2078 3772 honorarium
2126 3715 2187 3766 et
2224 3725 2363 3790 res·

261 3837 446 3900 ponsa
496 3818 919 3900 prudentum
914 3818 1019 3880 ad
1086 3822 1183 3901 jus
1248 3821 1553 3903 scriptum
1613 3838 1861 3901 quoque
1917 3793 2178 3876 refert:
2232 3814 2366 3895 ipse

265 3925 419 3984 enim
455 3923 627 3987 hisce
665 3927 994 3989 anterioris
1036 3928 1189 4011 juris
1228 3926 1511 3990 fontibus
1555 3943 1841 4008 expressa
1880 3907 2197 3987 sanctione
2231 3922 2364 3986 vim

265 4028 410 4114 legis
442 4029 724 4098 dederat.
