<?xml version="1.0" encoding="UTF-8"?>
<!DOCTYPE html PUBLIC "-//W3C//DTD XHTML 1.0 Transitional//EN"
    "http://www.w3.org/TR/xhtml1/DTD/xhtml1-transitional.dtd">
<html xmlns="http://www.w3.org/1999/xhtml" xml:lang="en" lang="en">
 <head>
  <title>
</title>
<meta http-equiv="Content-Type" content="text/html;charset=utf-8" />
  <meta name='ocr-system' content='tesseract 3.04.00' />
  <meta name='ocr-capabilities' content='ocr_page ocr_carea ocr_par ocr_line ocrx_word'/>
</head>
<body>
  <div class='ocr_page' id='page_1' title='image "./commentariijuri00warngoog/commentariijuri00warngoog_0016.png"; bbox 0 0 2893 4778; ppageno 0'>
   <div class='ocr_carea' id='block_1_1' title="bbox 494 320 1889 422">
    <p class='ocr_par' dir='ltr' id='par_1_1' title="bbox 494 320 1889 422">
     <span class='ocr_line' id='line_1_1' title="bbox 494 320 1889 422; baseline 0 -25"><span class='ocrx_word' id='word_1_1' title='bbox 494 320 592 422; x_wconf 77' lang='lat' dir='ltr'><strong>xij</strong></span> <span class='ocrx_word' id='word_1_2' title='bbox 1281 345 1889 401; x_wconf 72' lang='lat' dir='ltr'><strong><em>PRAEFATIO.</em></strong></span> 
     </span>
    </p>
   </div>
   <div class='ocr_carea' id='block_1_2' title="bbox 489 457 2686 1186">
    <p class='ocr_par' dir='ltr' id='par_1_2' title="bbox 489 457 2686 1186">
     <span class='ocr_line' id='line_1_2' title="bbox 489 457 2612 576; baseline 0.003 -29"><span class='ocrx_word' id='word_1_3' title='bbox 489 474 739 547; x_wconf 86' lang='lat' dir='ltr'><strong>sertim</strong></span> <span class='ocrx_word' id='word_1_4' title='bbox 790 472 1142 574; x_wconf 83' lang='lat' dir='ltr'><strong>cognosci</strong></span> <span class='ocrx_word' id='word_1_5' title='bbox 1177 457 1453 570; x_wconf 84' lang='lat' dir='ltr'><strong>possit3</strong></span> <span class='ocrx_word' id='word_1_6' title='bbox 1510 496 1656 544; x_wconf 85' lang='lat' dir='ltr'><strong>non</strong></span> <span class='ocrx_word' id='word_1_7' title='bbox 1701 472 1940 547; x_wconf 88' lang='lat' dir='ltr'><strong>solum</strong></span> <span class='ocrx_word' id='word_1_8' title='bbox 1974 472 2048 545; x_wconf 90' lang='lat' dir='ltr'><strong>in</strong></span> <span class='ocrx_word' id='word_1_9' title='bbox 2102 471 2398 576; x_wconf 82' lang='lat' dir='ltr'><strong>sing-ulis</strong></span> <span class='ocrx_word' id='word_1_10' title='bbox 2431 476 2612 553; x_wconf 87' lang='lat' dir='ltr'><strong>locis</strong></span> 
     </span>
     <span class='ocr_line' id='line_1_3' title="bbox 491 578 2615 698; baseline 0.002 -31"><span class='ocrx_word' id='word_1_11' title='bbox 491 594 655 668; x_wconf 82' lang='lat' dir='ltr'><strong>haec</strong></span> <span class='ocrx_word' id='word_1_12' title='bbox 720 594 993 697; x_wconf 75' lang='lat' dir='ltr'><strong>scripta</strong></span> <span class='ocrx_word' id='word_1_13' title='bbox 1075 590 1429 679; x_wconf 87' lang='lat' dir='ltr'><strong>laudavi,</strong></span> <span class='ocrx_word' id='word_1_14' title='bbox 1511 578 1643 667; x_wconf 81' lang='lat' dir='ltr'><strong>sed</strong></span> <span class='ocrx_word' id='word_1_15' title='bbox 1718 591 2044 668; x_wconf 88' lang='lat' dir='ltr'><strong>indicem</strong></span> <span class='ocrx_word' id='word_1_16' title='bbox 2125 592 2615 698; x_wconf 79' lang='lat' dir='ltr'><strong>locupletissi-</strong></span> 
     </span>
     <span class='ocr_line' id='line_1_4' title="bbox 495 716 2686 822; baseline 0.002 -32"><span class='ocrx_word' id='word_1_17' title='bbox 495 744 700 791; x_wconf 90' lang='lat' dir='ltr'><strong>mum</strong></span> <span class='ocrx_word' id='word_1_18' title='bbox 757 743 1023 792; x_wconf 88' lang='lat' dir='ltr'><strong>eorum</strong></span> <span class='ocrx_word' id='word_1_19' title='bbox 1071 718 1483 816; x_wconf 84' lang='lat' dir='ltr'><strong>(quatenus</strong></span> <span class='ocrx_word' id='word_1_20' title='bbox 1541 716 1726 790; x_wconf 88' lang='lat' dir='ltr'><strong>mihi</strong></span> <span class='ocrx_word' id='word_1_21' title='bbox 1792 719 2382 815; x_wconf 81' lang='lat' dir='ltr'><strong>innotuerunt),</strong></span> <span class='ocrx_word' id='word_1_22' title='bbox 2453 746 2618 822; x_wconf 66' lang='lat' dir='ltr'><strong>quaa</strong></span> <span class='ocrx_word' id='word_1_23' title='bbox 2678 765 2686 770; x_wconf 94' lang='lat'>-</span> 
     </span>
     <span class='ocr_line' id='line_1_5' title="bbox 490 838 2620 939; baseline 0.002 -26"><span class='ocrx_word' id='word_1_24' title='bbox 490 839 758 914; x_wconf 82' lang='lat' dir='ltr'><strong>saeculo</strong></span> <span class='ocrx_word' id='word_1_25' title='bbox 790 838 990 913; x_wconf 92' lang='lat' dir='ltr'><strong>XIX</strong></span> <span class='ocrx_word' id='word_1_26' title='bbox 1040 838 1323 939; x_wconf 83' lang='lat' dir='ltr'><strong>vulgata</strong></span> <span class='ocrx_word' id='word_1_27' title='bbox 1372 855 1588 925; x_wconf 64' lang='lat' dir='ltr'><strong>sunt„</strong></span> <span class='ocrx_word' id='word_1_28' title='bbox 1638 841 1712 912; x_wconf 90' lang='lat' dir='ltr'><strong>in</strong></span> <span class='ocrx_word' id='word_1_29' title='bbox 1772 838 1986 938; x_wconf 88' lang='lat' dir='ltr'><strong>hujus</strong></span> <span class='ocrx_word' id='word_1_30' title='bbox 2039 839 2414 916; x_wconf 83' lang='lat' dir='ltr'><strong>voluminis</strong></span> <span class='ocrx_word' id='word_1_31' title='bbox 2469 842 2620 918; x_wconf 78' lang='lat' dir='ltr'><strong>fine</strong></span> 
     </span>
     <span class='ocr_line' id='line_1_6' title="bbox 495 959 2626 1068; baseline 0.002 -32"><span class='ocrx_word' id='word_1_32' title='bbox 495 961 785 1063; x_wconf 87' lang='lat' dir='ltr'><strong>adjeci,</strong></span> <span class='ocrx_word' id='word_1_33' title='bbox 835 963 1059 1063; x_wconf 91' lang='lat' dir='ltr'><strong>ipsius</strong></span> <span class='ocrx_word' id='word_1_34' title='bbox 1106 960 1280 1034; x_wconf 80' lang='lat' dir='ltr'>libri</span> <span class='ocrx_word' id='word_1_35' title='bbox 1333 959 1579 1034; x_wconf 90' lang='lat' dir='ltr'><strong>ordini</strong></span> <span class='ocrx_word' id='word_1_36' title='bbox 1632 962 2272 1038; x_wconf 82' lang='lat' dir='ltr'><strong>accommodatum</strong></span> <span class='ocrx_word' id='word_1_37' title='bbox 2298 996 2320 1055; x_wconf 92' lang='lat'>;</span> <span class='ocrx_word' id='word_1_38' title='bbox 2395 992 2626 1068; x_wconf 84' lang='lat' dir='ltr'><strong>quem·</strong></span> 
     </span>
     <span class='ocr_line' id='line_1_7' title="bbox 493 1081 1887 1186; baseline 0.001 -29"><span class='ocrx_word' id='word_1_39' title='bbox 493 1100 599 1177; x_wconf 76' lang='lat' dir='ltr'><strong>et·</strong></span> <span class='ocrx_word' id='word_1_40' title='bbox 640 1082 988 1186; x_wconf 87' lang='lat' dir='ltr'><strong>deinceps</strong></span> <span class='ocrx_word' id='word_1_41' title='bbox 1055 1109 1344 1185; x_wconf 78' lang='lat' dir='ltr'>semper</span> <span class='ocrx_word' id='word_1_42' title='bbox 1399 1081 1668 1158; x_wconf 82' lang='lat' dir='ltr'><strong>addam</strong></span> <span class='ocrx_word' id='word_1_43' title='bbox 1723 1087 1887 1186; x_wconf 92' lang='lat'><em>(1).</em></span> 
     </span>
    </p>
   </div>
   <div class='ocr_carea' id='block_1_3' title="bbox 386 1258 2626 2334">
    <p class='ocr_par' dir='ltr' id='par_1_3' title="bbox 386 1258 2626 2334">
     <span class='ocr_line' id='line_1_8' title="bbox 591 1258 2626 1387; baseline 0.002 -32"><span class='ocrx_word' id='word_1_44' title='bbox 591 1279 906 1355; x_wconf 86' lang='lat' dir='ltr'><strong>Librum</strong></span> <span class='ocrx_word' id='word_1_45' title='bbox 955 1258 1205 1353; x_wconf 85' lang='lat' dir='ltr'><strong>meum</strong></span> <span class='ocrx_word' id='word_1_46' title='bbox 1250 1280 1497 1381; x_wconf 79' lang='lat' dir='ltr'><strong>itaque</strong></span> <span class='ocrx_word' id='word_1_47' title='bbox 1548 1278 1642 1354; x_wconf 88' lang='lat' dir='ltr'><strong>ad</strong></span> <span class='ocrx_word' id='word_1_48' title='bbox 1694 1275 2117 1382; x_wconf 82' lang='lat' dir='ltr'><strong>exemplum</strong></span> <span class='ocrx_word' id='word_1_49' title='bbox 2164 1283 2626 1387; x_wconf 74' lang='lat' dir='ltr'><strong>optimorum-</strong></span> 
     </span>
     <span class='ocr_line' id='line_1_9' title="bbox 386 1401 2617 1505; baseline 0.003 -30"><span class='ocrx_word' id='word_1_50' title='bbox 386 1494 391 1498; x_wconf 15' lang='lat'><em>*</em></span> <span class='ocrx_word' id='word_1_51' title='bbox 496 1430 538 1476; x_wconf 84' lang='lat' dir='ltr'><strong>a</strong></span> <span class='ocrx_word' id='word_1_52' title='bbox 579 1401 993 1478; x_wconf 75' lang='lat' dir='ltr'><strong>Germaniae</strong></span> <span class='ocrx_word' id='word_1_53' title='bbox 1037 1401 1565 1503; x_wconf 85' lang='lat' dir='ltr'><strong>jurisconsultis</strong></span> <span class='ocrx_word' id='word_1_54' title='bbox 1601 1401 2149 1505; x_wconf 83' lang='lat' dir='ltr'><strong>publicatorum</strong></span> <span class='ocrx_word' id='word_1_55' title='bbox 2170 1422 2617 1481; x_wconf 66' lang='lat' dir='ltr'><strong>commenta—</strong></span> 
     </span>
     <span class='ocr_line' id='line_1_10' title="bbox 492 1512 2615 1627; baseline 0.001 -30"><span class='ocrx_word' id='word_1_56' title='bbox 492 1526 775 1598; x_wconf 83' lang='lat' dir='ltr'>riorum</span> <span class='ocrx_word' id='word_1_57' title='bbox 810 1551 960 1599; x_wconf 89' lang='lat' dir='ltr'><strong>esse</strong></span> <span class='ocrx_word' id='word_1_58' title='bbox 1009 1521 1481 1612; x_wconf 82' lang='lat' dir='ltr'><strong>adornatum,</strong></span> <span class='ocrx_word' id='word_1_59' title='bbox 1528 1525 1799 1627; x_wconf 83' lang='lat' dir='ltr'><strong>inipso</strong></span> <span class='ocrx_word' id='word_1_60' title='bbox 1847 1525 1999 1623; x_wconf 89' lang='lat' dir='ltr'><strong>ejus</strong></span> <span class='ocrx_word' id='word_1_61' title='bbox 2048 1512 2285 1601; x_wconf 81' lang='lat' dir='ltr'><strong>fronte</strong></span> <span class='ocrx_word' id='word_1_62' title='bbox 2331 1531 2615 1601; x_wconf 82' lang='lat' dir='ltr'><strong>monui.</strong></span> 
     </span>
     <span class='ocr_line' id='line_1_11' title="bbox 494 1630 2619 1726; baseline 0.003 -6"><span class='ocrx_word' id='word_1_63' title='bbox 494 1648 903 1721; x_wconf 70' lang='lat' dir='ltr'><strong>Praesertim</strong></span> <span class='ocrx_word' id='word_1_64' title='bbox 950 1663 1194 1723; x_wconf 87' lang='lat' dir='ltr'><strong>autem</strong></span> <span class='ocrx_word' id='word_1_65' title='bbox 1240 1664 1526 1722; x_wconf 88' lang='lat' dir='ltr'><strong>secutus</strong></span> <span class='ocrx_word' id='word_1_66' title='bbox 1569 1674 1732 1721; x_wconf 90' lang='lat' dir='ltr'><strong>sum</strong></span> <span class='ocrx_word' id='word_1_67' title='bbox 1782 1630 2619 1726; x_wconf 40' lang='lat' dir='ltr'><strong>delineationem&#39;vene-</strong></span> 
     </span>
     <span class='ocr_line' id='line_1_12' title="bbox 493 1760 2609 1872; baseline 0.001 -31"><span class='ocrx_word' id='word_1_68' title='bbox 493 1767 708 1842; x_wconf 87' lang='lat' dir='ltr'><strong>randi</strong></span> <span class='ocrx_word' id='word_1_69' title='bbox 741 1767 920 1843; x_wconf 91' lang='lat' dir='ltr'><strong>olim</strong></span> <span class='ocrx_word' id='word_1_70' title='bbox 955 1770 1433 1872; x_wconf 88' lang='lat' dir='ltr'><strong>praeceptoris</strong></span> <span class='ocrx_word' id='word_1_71' title='bbox 1465 1769 1612 1845; x_wconf 85' lang='lat' dir='ltr'><strong>mei</strong></span> <span class='ocrx_word' id='word_1_72' title='bbox 1650 1767 2127 1843; x_wconf 84' lang='lat' dir='ltr'><strong>celeberrimi</strong></span> <span class='ocrx_word' id='word_1_73' title='bbox 2157 1769 2388 1844; x_wconf 90' lang='lat' dir='ltr'><strong>Heisii</strong></span> <span class='ocrx_word' id='word_1_74' title='bbox 2430 1760 2459 1860; x_wconf 86' lang='lat'><em>(</em></span> <span class='ocrx_word' id='word_1_75' title='bbox 2482 1772 2609 1866; x_wconf 85' lang='lat'><strong>2),</strong></span> 
     </span>
     <span class='ocr_line' id='line_1_13' title="bbox 498 1876 2617 1994; baseline 0 -31"><span class='ocrx_word' id='word_1_76' title='bbox 498 1906 692 1964; x_wconf 81' lang='lat' dir='ltr'><strong>nu&#39;nc</strong></span> <span class='ocrx_word' id='word_1_77' title='bbox 748 1918 1048 1965; x_wconf 77' lang='lat' dir='ltr'><strong>summae</strong></span> <span class='ocrx_word' id='word_1_78' title='bbox 1078 1876 1109 1981; x_wconf 33' lang='lat'><strong>,⁸</strong></span> <span class='ocrx_word' id='word_1_79' title='bbox 1157 1894 1322 1994; x_wconf 85' lang='lat' dir='ltr'><strong>quae</strong></span> <span class='ocrx_word' id='word_1_80' title='bbox 1388 1890 1676 1966; x_wconf 86' lang='lat' dir='ltr'><strong>Lubeci</strong></span> <span class='ocrx_word' id='word_1_81' title='bbox 1724 1906 1885 1980; x_wconf 87' lang='lat' dir='ltr'><strong>est,</strong></span> <span class='ocrx_word' id='word_1_82' title='bbox 1950 1884 2353 1985; x_wconf 53' lang='lat' dir='ltr'><strong>liberarun‘i</strong></span> <span class='ocrx_word' id='word_1_83' title='bbox 2415 1892 2617 1966; x_wconf 88' lang='lat' dir='ltr'><strong>Ger-</strong></span> 
     </span>
     <span class='ocr_line' id='line_1_14' title="bbox 501 2011 2621 2116; baseline 0.002 -31"><span class='ocrx_word' id='word_1_84' title='bbox 501 2016 759 2087; x_wconf 82' lang='lat' dir='ltr'><strong>maniae</strong></span> <span class='ocrx_word' id='word_1_85' title='bbox 811 2015 1189 2088; x_wconf 80' lang='lat' dir='ltr'><strong>civitatum</strong></span> <span class='ocrx_word' id='word_1_86' title='bbox 1240 2015 1468 2088; x_wconf 76' lang='lat' dir='ltr'><strong>curiae</strong></span> <span class='ocrx_word' id='word_1_87' title='bbox 1515 2012 1843 2116; x_wconf 76' lang='lat' dir='ltr'><strong>praesidis</strong></span> <span class='ocrx_word' id='word_1_88' title='bbox 1886 2046 1906 2104; x_wconf 84' lang='lat'><em>3</em></span> <span class='ocrx_word' id='word_1_89' title='bbox 1972 2012 2064 2089; x_wconf 92' lang='lat' dir='ltr'><strong>de</strong></span> <span class='ocrx_word' id='word_1_90' title='bbox 2125 2015 2329 2114; x_wconf 82' lang='lat' dir='ltr'><strong>cujus</strong></span> <span class='ocrx_word' id='word_1_91' title='bbox 2385 2011 2621 2090; x_wconf 77' lang='lat' dir='ltr'><strong>libelli</strong></span> 
     </span>
     <span class='ocr_line' id='line_1_15' title="bbox 450 2135 2614 2239; baseline 0.003 -33"><span class='ocrx_word' id='word_1_92' title='bbox 450 2136 454 2145; x_wconf 83' lang='lat'><em>&#39;</em></span> <span class='ocrx_word' id='word_1_93' title='bbox 494 2137 909 2238; x_wconf 72' lang='lat' dir='ltr'><strong>praestantia</strong></span> <span class='ocrx_word' id='word_1_94' title='bbox 953 2136 1106 2211; x_wconf 85' lang='lat' dir='ltr'><strong>sere</strong></span> <span class='ocrx_word' id='word_1_95' title='bbox 1147 2137 1479 2211; x_wconf 88' lang='lat' dir='ltr'><strong>omnium</strong></span> <span class='ocrx_word' id='word_1_96' title='bbox 1521 2139 1696 2235; x_wconf 87' lang='lat' dir='ltr'><strong>juris</strong></span> <span class='ocrx_word' id='word_1_97' title='bbox 1732 2135 2127 2214; x_wconf 88' lang='lat' dir='ltr'><strong>doctorum</strong></span> <span class='ocrx_word' id='word_1_98' title='bbox 2171 2137 2430 2239; x_wconf 75' lang='lat' dir='ltr'><strong>patriae</strong></span> <span class='ocrx_word' id='word_1_99' title='bbox 2471 2162 2614 2212; x_wconf 88' lang='lat' dir='ltr'><strong>una</strong></span> 
     </span>
     <span class='ocr_line' id='line_1_16' title="bbox 500 2274 1034 2334; baseline -0.004 0"><span class='ocrx_word' id='word_1_100' title='bbox 500 2274 606 2334; x_wconf 87' lang='lat' dir='ltr'><strong>est</strong></span> <span class='ocrx_word' id='word_1_101' title='bbox 659 2274 1034 2334; x_wconf 73' lang='lat' dir='ltr'><strong>sententia.</strong></span> 
     </span>
    </p>
   </div>
   <div class='ocr_carea' id='block_1_4' title="bbox 502 2560 2670 2948">
    <p class='ocr_par' dir='ltr' id='par_1_4' title="bbox 502 2560 2670 2948">
     <span class='ocr_line' id='line_1_17' title="bbox 582 2560 2617 2645; baseline -0 -21"><span class='ocrx_word' id='word_1_102' title='bbox 582 2567 695 2645; x_wconf 84' lang='lat'><strong>(1)</strong></span> <span class='ocrx_word' id='word_1_103' title='bbox 741 2564 806 2624; x_wconf 91' lang='lat' dir='ltr'><strong>Si</strong></span> <span class='ocrx_word' id='word_1_104' title='bbox 851 2584 987 2645; x_wconf 63' lang='lat' dir='ltr'><strong>quae</strong></span> <span class='ocrx_word' id='word_1_105' title='bbox 1028 2563 1209 2626; x_wconf 83' lang='lat' dir='ltr'><strong>omisi</strong></span> <span class='ocrx_word' id='word_1_106' title='bbox 1248 2584 1320 2624; x_wconf 88' lang='lat' dir='ltr'><strong>ex</strong></span> <span class='ocrx_word' id='word_1_107' title='bbox 1362 2561 1538 2623; x_wconf 86' lang='lat' dir='ltr'><strong>hisce</strong></span> <span class='ocrx_word' id='word_1_108' title='bbox 1583 2562 1873 2644; x_wconf 85' lang='lat' dir='ltr'><strong>scriptis,</strong></span> <span class='ocrx_word' id='word_1_109' title='bbox 1916 2582 1988 2623; x_wconf 88' lang='lat' dir='ltr'><strong>ea</strong></span> <span class='ocrx_word' id='word_1_110' title='bbox 2027 2582 2126 2622; x_wconf 89' lang='lat' dir='ltr'><strong>me</strong></span> <span class='ocrx_word' id='word_1_111' title='bbox 2169 2560 2425 2623; x_wconf 83' lang='lat' dir='ltr'><strong>latuisse</strong></span> <span class='ocrx_word' id='word_1_112' title='bbox 2461 2582 2617 2623; x_wconf 87' lang='lat' dir='ltr'><strong>con-</strong></span> 
     </span>
     <span class='ocr_line' id='line_1_18' title="bbox 506 2662 2670 2753; baseline 0 -22"><span class='ocrx_word' id='word_1_113' title='bbox 506 2673 739 2748; x_wconf 77' lang='lat' dir='ltr'><strong>fiteor3</strong></span> <span class='ocrx_word' id='word_1_114' title='bbox 812 2691 1005 2753; x_wconf 87' lang='lat' dir='ltr'><strong>quare</strong></span> <span class='ocrx_word' id='word_1_115' title='bbox 1067 2668 1186 2729; x_wconf 90' lang='lat' dir='ltr'><strong>hoc</strong></span> <span class='ocrx_word' id='word_1_116' title='bbox 1237 2667 1374 2730; x_wconf 89' lang='lat' dir='ltr'><strong>loco</strong></span> <span class='ocrx_word' id='word_1_117' title='bbox 1429 2669 1588 2751; x_wconf 83' lang='lat' dir='ltr'><strong>juris</strong></span> <span class='ocrx_word' id='word_1_118' title='bbox 1641 2670 1884 2732; x_wconf 87' lang='lat' dir='ltr'><strong>romani</strong></span> <span class='ocrx_word' id='word_1_119' title='bbox 1955 2671 2023 2728; x_wconf 89' lang='lat' dir='ltr'><strong>in</strong></span> <span class='ocrx_word' id='word_1_120' title='bbox 2084 2666 2301 2751; x_wconf 78' lang='lat' dir='ltr'><strong>Belgio</strong></span> <span class='ocrx_word' id='word_1_121' title='bbox 2348 2666 2621 2732; x_wconf 85' lang='lat' dir='ltr'><strong>cultores</strong></span> <span class='ocrx_word' id='word_1_122' title='bbox 2665 2662 2670 2667; x_wconf 64' lang='grc'>’</span> 
     </span>
     <span class='ocr_line' id='line_1_19' title="bbox 502 2773 2617 2861; baseline -0.001 -23"><span class='ocrx_word' id='word_1_123' title='bbox 502 2799 651 2861; x_wconf 81' lang='lat' dir='ltr'><strong>rogo</strong></span> <span class='ocrx_word' id='word_1_124' title='bbox 704 2788 776 2837; x_wconf 86' lang='lat' dir='ltr'><strong>ut</strong></span> <span class='ocrx_word' id='word_1_125' title='bbox 807 2824 824 2851; x_wconf 91' lang='lat'><strong>‚</strong></span> <span class='ocrx_word' id='word_1_126' title='bbox 882 2798 1018 2860; x_wconf 84' lang='lat' dir='ltr'><strong>quae</strong></span> <span class='ocrx_word' id='word_1_127' title='bbox 1068 2798 1167 2838; x_wconf 88' lang='lat' dir='ltr'><strong>me</strong></span> <span class='ocrx_word' id='word_1_128' title='bbox 1222 2777 1501 2859; x_wconf 80' lang='lat' dir='ltr'><strong>fugerint</strong></span> <span class='ocrx_word' id='word_1_129' title='bbox 1524 2821 1544 2854; x_wconf 84' lang='lat'><strong>,</strong></span> <span class='ocrx_word' id='word_1_130' title='bbox 1613 2773 1911 2838; x_wconf 87' lang='lat' dir='ltr'><strong>benevole</strong></span> <span class='ocrx_word' id='word_1_131' title='bbox 1953 2797 2194 2837; x_wconf 88' lang='lat' dir='ltr'><strong>mecum</strong></span> <span class='ocrx_word' id='word_1_132' title='bbox 2254 2779 2617 2837; x_wconf 82' lang='lat' dir='ltr'><strong>communi-</strong></span> 
     </span>
     <span class='ocr_line' id='line_1_20' title="bbox 506 2875 1311 2948; baseline -0.002 -2"><span class='ocrx_word' id='word_1_133' title='bbox 506 2907 645 2946; x_wconf 86' lang='lat' dir='ltr'><strong>care</strong></span> <span class='ocrx_word' id='word_1_134' title='bbox 682 2884 907 2948; x_wconf 77' lang='lat' dir='ltr'><strong>&#39;velint.</strong></span> <span class='ocrx_word' id='word_1_135' title='bbox 1306 2875 1311 2878; x_wconf 36' lang='lat'>⁸</span> 
     </span>
    </p>
   </div>
   <div class='ocr_carea' id='block_1_5' title="bbox 505 3001 2627 4172">
    <p class='ocr_par' dir='ltr' id='par_1_5' title="bbox 505 3001 2617 3307">
     <span class='ocr_line' id='line_1_21' title="bbox 585 3001 2611 3099; baseline -0.004 -22"><span class='ocrx_word' id='word_1_136' title='bbox 585 3018 706 3099; x_wconf 85' lang='lat'><strong>(2)</strong></span> <span class='ocrx_word' id='word_1_137' title='bbox 754 3015 1093 3077; x_wconf 77' lang='lat' dir='ltr'><strong>Gmndn&#39;ss</strong></span> <span class='ocrx_word' id='word_1_138' title='bbox 1135 3017 1305 3075; x_wconf 79' lang='lat' dir='ltr'><strong>eines</strong></span> <span class='ocrx_word' id='word_1_139' title='bbox 1353 3014 1624 3093; x_wconf 81' lang='lat' dir='ltr'><strong>Systems</strong></span> <span class='ocrx_word' id='word_1_140' title='bbox 1670 3014 1777 3074; x_wconf 74' lang='lat' dir='ltr'><strong>des</strong></span> <span class='ocrx_word' id='word_1_141' title='bbox 1816 3009 2141 3092; x_wconf 71' lang='lat' dir='ltr'><strong>gemeinet&#39;z</strong></span> <span class='ocrx_word' id='word_1_142' title='bbox 2199 3001 2559 3073; x_wconf 62' lang='lat' dir='ltr'><strong>Cia-iloeclaets</strong></span> <span class='ocrx_word' id='word_1_143' title='bbox 2592 3059 2611 3089; x_wconf 86' lang='lat'>‚</span> 
     </span>
     <span class='ocr_line' id='line_1_22' title="bbox 505 3101 2617 3203; baseline -0.003 -20"><span class='ocrx_word' id='word_1_144' title='bbox 505 3144 646 3183; x_wconf 81' lang='lat' dir='ltr'><strong>zum</strong></span> <span class='ocrx_word' id='word_1_145' title='bbox 678 3126 904 3203; x_wconf 62' lang='lat' dir='ltr'><strong>Beluff</strong></span> <span class='ocrx_word' id='word_1_146' title='bbox 928 3143 1056 3182; x_wconf 84' lang='lat' dir='ltr'><strong>von</strong></span> <span class='ocrx_word' id='word_1_147' title='bbox 1075 3121 1438 3182; x_wconf 82' lang='lat' dir='ltr'><strong>Pandeccen</strong></span> <span class='ocrx_word' id='word_1_148' title='bbox 1470 3122 1542 3183; x_wconf 89' lang='lat' dir='ltr'><em>V</em></span> <span class='ocrx_word' id='word_1_149' title='bbox 1533 3122 1899 3200; x_wconf 74' lang='lat' dir='ltr'><strong>orlesungen</strong></span> <span class='ocrx_word' id='word_1_150' title='bbox 1924 3168 1942 3197; x_wconf 92' lang='lat'>‚</span> <span class='ocrx_word' id='word_1_151' title='bbox 1971 3115 2102 3180; x_wconf 73' lang='lat' dir='ltr'><strong>von</strong></span> <span class='ocrx_word' id='word_1_152' title='bbox 2121 3116 2371 3180; x_wconf 80' lang='lat' dir='ltr'><strong>Arnold</strong></span> <span class='ocrx_word' id='word_1_153' title='bbox 2383 3101 2617 3194; x_wconf 68' lang='grc' dir='ltr'><strong>Ηείεες</strong></span> 
     </span>
     <span class='ocr_line' id='line_1_23' title="bbox 507 3227 2018 3307; baseline -0.003 -13"><span class='ocrx_word' id='word_1_154' title='bbox 507 3230 607 3294; x_wconf 80' lang='lat' dir='ltr'><strong>ed.</strong></span> <span class='ocrx_word' id='word_1_155' title='bbox 654 3230 781 3307; x_wconf 75' lang='grc' dir='ltr'><strong><em>4εα.</em></strong></span> <span class='ocrx_word' id='word_1_156' title='bbox 834 3228 988 3306; x_wconf 68' lang='lat'>1824</span> <span class='ocrx_word' id='word_1_157' title='bbox 1011 3269 1036 3303; x_wconf 86' lang='lat'><em>,</em></span> <span class='ocrx_word' id='word_1_158' title='bbox 1086 3227 1176 3290; x_wconf 82' lang='lat'><strong>80.</strong></span> <span class='ocrx_word' id='word_1_159' title='bbox 2013 3237 2018 3240; x_wconf 72' lang='grc'>’</span> 
     </span>
    </p>

    <p class='ocr_par' dir='ltr' id='par_1_6' title="bbox 506 3332 2627 4172">
     <span class='ocr_line' id='line_1_24' title="bbox 590 3332 2620 3419; baseline -0.001 -22"><span class='ocrx_word' id='word_1_160' title='bbox 590 3337 722 3398; x_wconf 82' lang='grc' dir='ltr'><strong>Ηοο</strong></span> <span class='ocrx_word' id='word_1_161' title='bbox 773 3345 931 3419; x_wconf 85' lang='lat' dir='ltr'><strong>opus</strong></span> <span class='ocrx_word' id='word_1_162' title='bbox 994 3338 1061 3395; x_wconf 86' lang='lat' dir='ltr'><strong>in</strong></span> <span class='ocrx_word' id='word_1_163' title='bbox 1102 3357 1193 3414; x_wconf 21' lang='lat' dir='ltr'><strong>,eo</strong></span> <span class='ocrx_word' id='word_1_164' title='bbox 1254 3353 1503 3418; x_wconf 90' lang='lat' dir='ltr'><strong>quoque</strong></span> <span class='ocrx_word' id='word_1_165' title='bbox 1550 3333 1707 3396; x_wconf 83' lang='lat' dir='ltr'><strong>mihi</strong></span> <span class='ocrx_word' id='word_1_166' title='bbox 1762 3333 2168 3395; x_wconf 87' lang='lat' dir='ltr'><strong>utilissimum</strong></span> <span class='ocrx_word' id='word_1_167' title='bbox 2214 3341 2349 3391; x_wconf 79' lang='lat' dir='ltr'><strong>erat</strong></span> <span class='ocrx_word' id='word_1_168' title='bbox 2383 3380 2400 3406; x_wconf 85' lang='lat'><strong>,</strong></span> <span class='ocrx_word' id='word_1_169' title='bbox 2449 3332 2620 3413; x_wconf 89' lang='lat' dir='ltr'><strong>quod</strong></span> 
     </span>
     <span class='ocr_line' id='line_1_25' title="bbox 507 3440 2627 3526; baseline -0.004 -22"><span class='ocrx_word' id='word_1_170' title='bbox 507 3454 842 3526; x_wconf 85' lang='lat' dir='ltr'><strong>apparatus</strong></span> <span class='ocrx_word' id='word_1_171' title='bbox 918 3442 1230 3504; x_wconf 86' lang='lat' dir='ltr'><strong>literarius</strong></span> <span class='ocrx_word' id='word_1_172' title='bbox 1281 3440 1712 3506; x_wconf 85' lang='lat' dir='ltr'><strong>selectissimus</strong></span> <span class='ocrx_word' id='word_1_173' title='bbox 1754 3489 1773 3516; x_wconf 87' lang='lat'>‚</span> <span class='ocrx_word' id='word_1_174' title='bbox 1857 3461 1990 3523; x_wconf 23' lang='lat' dir='ltr'><strong>quor</strong></span> <span class='ocrx_word' id='word_1_175' title='bbox 2039 3442 2414 3500; x_wconf 83' lang='lat' dir='ltr'><strong>instructum</strong></span> <span class='ocrx_word' id='word_1_176' title='bbox 2476 3448 2568 3498; x_wconf 86' lang='lat' dir='ltr'><strong>est</strong></span> <span class='ocrx_word' id='word_1_177' title='bbox 2594 3475 2627 3513; x_wconf 54' lang='grc' dir='ltr'><strong>ς,</strong></span> 
     </span>
     <span class='ocr_line' id='line_1_26' title="bbox 506 3545 2614 3633; baseline -0.004 -21"><span class='ocrx_word' id='word_1_178' title='bbox 506 3546 772 3633; x_wconf 85' lang='lat' dir='ltr'><strong>optimas</strong></span> <span class='ocrx_word' id='word_1_179' title='bbox 829 3548 986 3610; x_wconf 86' lang='lat' dir='ltr'><strong>mihi</strong></span> <span class='ocrx_word' id='word_1_180' title='bbox 1044 3550 1302 3612; x_wconf 77' lang='lat' dir='ltr'><strong>notitias</strong></span> <span class='ocrx_word' id='word_1_181' title='bbox 1351 3549 1430 3611; x_wconf 89' lang='lat' dir='ltr'><strong>de</strong></span> <span class='ocrx_word' id='word_1_182' title='bbox 1480 3551 1636 3633; x_wconf 82' lang='lat' dir='ltr'><strong>juris</strong></span> <span class='ocrx_word' id='word_1_183' title='bbox 1691 3546 2101 3628; x_wconf 75' lang='lat' dir='ltr'><strong>scriptoribus</strong></span> <span class='ocrx_word' id='word_1_184' title='bbox 2155 3545 2614 3627; x_wconf 81' lang='lat' dir='ltr'><strong>suppeditabat.</strong></span> 
     </span>
     <span class='ocr_line' id='line_1_27' title="bbox 508 3633 2613 3734; baseline -0.003 -16"><span class='ocrx_word' id='word_1_185' title='bbox 508 3656 786 3719; x_wconf 86' lang='lat' dir='ltr'><strong>Eandem</strong></span> <span class='ocrx_word' id='word_1_186' title='bbox 826 3660 1012 3718; x_wconf 87' lang='lat' dir='ltr'><strong>etiam</strong></span> <span class='ocrx_word' id='word_1_187' title='bbox 1049 3658 1132 3717; x_wconf 89' lang='lat' dir='ltr'><strong>ob</strong></span> <span class='ocrx_word' id='word_1_188' title='bbox 1171 3658 1478 3734; x_wconf 85' lang='lat' dir='ltr'><strong>rationem</strong></span> <span class='ocrx_word' id='word_1_189' title='bbox 1509 3658 1578 3715; x_wconf 87' lang='lat' dir='ltr'><strong>in</strong></span> <span class='ocrx_word' id='word_1_190' title='bbox 1615 3653 1831 3715; x_wconf 87' lang='lat' dir='ltr'><strong>multis</strong></span> <span class='ocrx_word' id='word_1_191' title='bbox 1861 3651 2146 3714; x_wconf 84' lang='lat' dir='ltr'><strong>articulis</strong></span> <span class='ocrx_word' id='word_1_192' title='bbox 2188 3633 2422 3713; x_wconf 87' lang='lat' dir='ltr'><strong>librum</strong></span> <span class='ocrx_word' id='word_1_193' title='bbox 2462 3652 2613 3712; x_wconf 84' lang='lat' dir='ltr'><strong>clar.</strong></span> 
     </span>
     <span class='ocr_line' id='line_1_28' title="bbox 508 3746 2620 3860; baseline -0.003 -37"><span class='ocrx_word' id='word_1_194' title='bbox 508 3785 639 3825; x_wconf 83' lang='lat' dir='ltr'><strong>von</strong></span> <span class='ocrx_word' id='word_1_195' title='bbox 674 3746 957 3845; x_wconf 62' lang='lat' dir='ltr'><strong>[Venitig</strong></span> <span class='ocrx_word' id='word_1_196' title='bbox 981 3813 1000 3840; x_wconf 88' lang='lat'>‚</span> <span class='ocrx_word' id='word_1_197' title='bbox 1026 3765 1398 3860; x_wconf 51' lang='lat' dir='ltr'><strong>psi-ofessoris</strong></span> <span class='ocrx_word' id='word_1_198' title='bbox 1424 3766 1493 3823; x_wconf 88' lang='lat' dir='ltr'><strong>in</strong></span> <span class='ocrx_word' id='word_1_199' title='bbox 1514 3763 1936 3824; x_wconf 84' lang='lat' dir='ltr'><strong>Universitate</strong></span> <span class='ocrx_word' id='word_1_200' title='bbox 1972 3758 2454 3822; x_wconf 76' lang='lat' dir='ltr'><strong>Laudishutensi</strong></span> <span class='ocrx_word' id='word_1_201' title='bbox 2477 3806 2497 3835; x_wconf 84' lang='lat'>‚</span> <span class='ocrx_word' id='word_1_202' title='bbox 2519 3771 2620 3818; x_wconf 80' lang='lat' dir='ltr'><strong>se·—</strong></span> 
     </span>
     <span class='ocr_line' id='line_1_29' title="bbox 513 3864 2622 3955; baseline -0.004 -23"><span class='ocrx_word' id='word_1_203' title='bbox 513 3883 695 3932; x_wconf 85' lang='lat' dir='ltr'><strong>cutus</strong></span> <span class='ocrx_word' id='word_1_204' title='bbox 738 3891 873 3931; x_wconf 89' lang='lat' dir='ltr'><strong>sum</strong></span> <span class='ocrx_word' id='word_1_205' title='bbox 899 3919 918 3947; x_wconf 90' lang='lat'>‚</span> <span class='ocrx_word' id='word_1_206' title='bbox 968 3873 1077 3955; x_wconf 91' lang='lat' dir='ltr'><strong>qui</strong></span> <span class='ocrx_word' id='word_1_207' title='bbox 1117 3872 1196 3932; x_wconf 89' lang='lat' dir='ltr'><strong>ad</strong></span> <span class='ocrx_word' id='word_1_208' title='bbox 1238 3870 1889 3953; x_wconf 13' lang='lat' dir='ltr'><strong>HeisiiwConspectum</strong></span> <span class='ocrx_word' id='word_1_209' title='bbox 1928 3867 2268 3936; x_wconf 69' lang='lat' dir='ltr'><strong>adornatus</strong></span> <span class='ocrx_word' id='word_1_210' title='bbox 2304 3878 2368 3926; x_wconf 90' lang='lat' dir='ltr'><strong>et</strong></span> <span class='ocrx_word' id='word_1_211' title='bbox 2408 3864 2622 3926; x_wconf 82' lang='lat' dir='ltr'><strong>novis-</strong></span> 
     </span>
     <span class='ocr_line' id='line_1_30' title="bbox 511 3971 2622 4060; baseline -0.004 -23"><span class='ocrx_word' id='word_1_212' title='bbox 511 3980 671 4037; x_wconf 79' lang='lat' dir='ltr'><strong>sima</strong></span> <span class='ocrx_word' id='word_1_213' title='bbox 722 3979 949 4060; x_wconf 79' lang='lat' dir='ltr'><strong>scripta</strong></span> <span class='ocrx_word' id='word_1_214' title='bbox 1019 3978 1343 4053; x_wconf 75' lang='lat' dir='ltr'><strong>indicanS,</strong></span> <span class='ocrx_word' id='word_1_215' title='bbox 1391 3977 1649 4060; x_wconf 83' lang='lat' dir='ltr'><strong>optimis</strong></span> <span class='ocrx_word' id='word_1_216' title='bbox 1700 3976 1855 4056; x_wconf 81' lang='lat' dir='ltr'><strong>juris</strong></span> <span class='ocrx_word' id='word_1_217' title='bbox 1902 3976 2142 4036; x_wconf 77' lang='lat' dir='ltr'><strong>romani</strong></span> <span class='ocrx_word' id='word_1_218' title='bbox 2171 3971 2622 4034; x_wconf 85' lang='lat' dir='ltr'><strong>commentariis</strong></span> 
     </span>
     <span class='ocr_line' id='line_1_31' title="bbox 514 4079 2451 4172; baseline -0.004 -24"><span class='ocrx_word' id='word_1_219' title='bbox 514 4089 582 4148; x_wconf 77' lang='lat' dir='ltr'><strong>im</strong></span> <span class='ocrx_word' id='word_1_220' title='bbox 623 4087 960 4148; x_wconf 84' lang='lat' dir='ltr'><strong>Germania</strong></span> <span class='ocrx_word' id='word_1_221' title='bbox 1003 4086 1123 4149; x_wconf 85' lang='lat' dir='ltr'><strong>hoc</strong></span> <span class='ocrx_word' id='word_1_222' title='bbox 1162 4084 1385 4150; x_wconf 80' lang='lat' dir='ltr'><strong>saeculo</strong></span> <span class='ocrx_word' id='word_1_223' title='bbox 1427 4083 1761 4172; x_wconf 85' lang='lat' dir='ltr'><strong>publicatis</strong></span> <span class='ocrx_word' id='word_1_224' title='bbox 1795 4079 2298 4146; x_wconf 82' lang='lat' dir='ltr'><strong>adnumerandus</strong></span> <span class='ocrx_word' id='word_1_225' title='bbox 2336 4091 2451 4140; x_wconf 76' lang='lat' dir='ltr'><strong>est.</strong></span> 
     </span>
    </p>
   </div>
  </div>
 </body>
</html>
