2893 4778
991 314 1510 361 m‘ruoouc‘rlo.
2214 295 2257 366 5
2279 321 2294 363 1

201 448 463 529 poneret
501 458 764 527 operam
784 483 802 512 ,
856 447 933 500 ut
970 437 1212 525 optima
1261 460 1531 526 quaeque
1576 459 1656 500 ex
1703 438 1949 530 scriptis
2003 437 2125 503 illis
2179 439 2312 505 col-
2353 414 2362 419 ᾗ

201 551 461 643 figeret,
504 563 911 639 veteremque
945 548 1508 640 jurisprudentiam
1545 552 1749 616 omnis
1794 553 1887 617 sui
1936 555 2093 639 juris
2131 578 2315 620 cons-

202 667 464 730 titueret
515 659 1036 727 fundamentum-

1074 772 1102 859 ς
1181 770 1441 840 XVII.

496 960 614 1028 De
653 965 831 1056 juris
872 930 1210 1027 codicibus
1253 960 1438 1054 apud
1498 962 1848 1027 Romanos
1894 966 1962 1043 (ι
2006 967 2045 1045 ).

292 1149 530 1215 Primae
560 1150 711 1237 juris
740 1147 1138 1215 collectiones
1174 1148 1345 1241 apud
1399 1151 1719 1216 Romanos
1766 1164 1946 1216 erant
2001 1156 2317 1219 constitu-

216 1268 460 1328 tiomun
492 1260 922 1353 imperialium
959 1263 1203 1329 codices
1224 1312 1240 1343 ,
1291 1267 1406 1356 qui
1443 1262 1526 1329 ad
1578 1277 1862 1355 tempora
1917 1264 2322 1334 Constantini

218 1376 431 1467 magni
453 1426 470 1455 ‚
518 1402 557 1439 a
596 1374 989 1466 Gregoriano
1024 1389 1101 1441 'et
1141 1378 1662 1468 ‘Hermogeniano
1695 1379 2043 1467 *compositi
2080 1392 2144 1444 et
2191 1381 2320 1446 ho-

220 1515 352 1557 rum
390 1490 769 1561 nominibus
813 1488 1111 1581 appellati
1156 1489 1332 1555 fuere
1385 1497 1515 1575 (2).
1562 1490 1784 1582 Neque
1834 1490 1936 1556 lex
1981 1491 2322 1561 duodecim

218 1602 583 1670 tabularum
601 1655 618 1682 ‚
659 1627 863 1694 neque
919 1606 1201 1695 praetoris
1239 1603 1522 1670 edictum
1571 1630 1690 1695 pro
1741 1605 2061 1681 codicibus
2109 1634 2144 1672 a
2183 1610 2327 1675 Ro-

219 1725 417 1787 manis
472 1722 880 1788 habebantur
947 1724 1082 1806 (3).
1147 1722 1393 1814 Magna
1465 1721 1723 1787 illarum
1799 1725 2324 1791 constitutionum

216 1834 502 1926 undique
590 1834 1013 1926 dispersarum
1100 1838 1434 1901 auctoritas
1520 1815 1740 1901 earum
1823 1836 2326 1928 colligendarum

222 1973 403 2014 causa
457 1948 652 2015 fuisse
686 1947 957 2014 videtur.
1013 1950 1090 2013 In
1127 1948 1319 2015 libros
1353 1961 1420 2014 et
1463 1949 1679 2015 titulos
1711 1947 1788 2015 ad
1810 1949 1997 2016 edicti
2034 1951 2329 2044 perpetui

223 2062 523 2129 ordinem
588 2061 771 2130 divisi
838 2063 911 2127 hi
969 2062 1210 2129 codices
1232 2115 1248 2142 ,
1334 2065 1812 2135 constitutiones
1875 2067 2331 2157 imperatorum

228 2201 426 2268 usque
445 2175 533 2242 ad
559 2174 1056 2247 Constantinum
1078 2179 1484 2268 regnantium
1509 2179 1917 2244 continebant
1937 2231 1951 2256 ,
1991 2178 2097 2245 sed
2124 2180 2330 2246 nullas

229 2287 354 2353 fere
388 2287 546 2371 alias
569 2289 705 2354 misi
741 2291 1069 2379 rescripta,
1097 2289 1385 2380 epistolas
1410 2301 1475 2354 et
1522 2289 1807 2372 decreta3
1853 2303 1926 2355 ut
1968 2291 2067 2355 hae
2106 2290 2335 2359 collec—

232 2405 430 2469 tiones
474 2406 635 2485 iuris
673 2405 1022 2495 repertoria
1062 2405 1284 2470 haberi
1324 2417 1591 2496 possent.
1645 2405 1951 2493 Quamvis
1996 2432 2031 2471 a
2073 2410 2335 2497 privatis

235 2519 599 2609 compositi,
628 2518 1043 2586 nihilominus
1089 2543 1222 2585 non
1253 2521 1556 2613 exiguam
1591 2521 2029 2586 auctoritatem
2075 2520 2336 2613 adipisci

233 2644 590 2724 coeperunt.

322 2745 430 2811 Ad
473 2746 714 2811 horum
752 2744 1048 2812 codicum
1098 2745 1462 2837 exemplum
1502 2759 1716 2838 postea
1763 2752 1858 2831 (a.
1891 2745 2049 2832 438)
2108 2749 2337 2817 Theo·-

239 2857 446 2925 dosius
488 2860 553 2926 Π
607 2883 845 2929 novum
885 2858 1171 2928 codicem
1218 2861 1516 2951 componi
1546 2861 1722 2949 jussit
1760 2860 1906 2948 (4),
1959 2862 2040 2930 ad
2094 2868 2336 2932 consti-

320 3127 433 3208 (1)
480 3107 806 3203 Haubold‚
836 3126 883 3188 l.
921 3150 974 3224 c:
1001 3128 1029 3210 §
1053 3121 1356 3213 217—2212
1388 3131 1536 3189 inst.
1583 3126 1907 3206 literariae‚
1944 3153 2008 3213 p.
2043 3131 2334 3197 261-268.

325 3232 445 3312 (2)
491 3233 573 3293 V.
600 3233 788 3293 Bach.
814 3234 895 3294 H.
927 3235 983 3295 J.
1018 3235 1091 3296 R.
1131 3235 1241 3296 lib.
1274 3236 1402 3311 ΙΙΙ,
1437 3237 1508 3296 C.
1551 3236 1675 3313 111,
1721 3247 1867 3298 sect.
1896 3236 1982 3296 IV
2005 3287 2022 3315 ‚
2062 3240 2091 3322 ᾗ
2133 3242 2338 3304 II-VI.

241 3336 618 3420 Fragmenta
635 3342 958 3422 utriusque
976 3342 1202 3402 codicis
1223 3344 1629 3403 inveniuntur
1657 3344 1721 3404 in
1751 3343 2124 3428 Schultingii
2146 3348 2183 3407 J
2185 3349 2343 3409 uris·-

247 3444 427 3522 prud.
470 3449 663 3528 antej.
695 3468 757 3528 p.
790 3446 1070 3531 631-718
1097 3449 1242 3509 etin
1274 3450 1405 3510 Jur.
1440 3452 1563 3511 civ.
1585 3454 1878 3532 antejust.
1902 3497 1918 3524 ,
1948 3473 2010 3534 p.
2045 3452 2334 3538 264·274.

327 3552 437 3632 (3)
482 3554 611 3612 Nec
643 3551 861 3616 haberi
891 3553 1140 3615 debent.
1184 3553 1345 3615 Vide
1381 3577 1568 3638 supra
1590 3604 1607 3632 ‚
1641 3556 1720 3638 Μ
1757 3557 1799 3618 6
1839 3567 1901 3617 et
1947 3578 2039 3617 11.

329 3657 436 3739 (4)
479 3657 562 3718 V.
618 3658 807 3720 Bach.
862 3658 911 3720 l.
971 3682 1025 3721 c.
1096 3657 1164 3720 L.
1217 3661 1335 3736 Ill,
1377 3663 1448 3722 C.
1486 3662 1615 3739 IV,
1670 3663 1827 3724 Sect.
1896 3665 2012 3739 II,r
2060 3685 2124 3745 p.
2199 3664 2339 3729 555.

251 3764 505 3824 Bet-rint
536 3765 858 3826 St.-Prix.
890 3767 1062 3827 Hist.
1095 3767 1180 3827 da
1207 3768 1374 3828 droit
1399 3772 1645 3829 romain
1673 3817 1688 3845 ‚
1725 3792 1786 3852 p.
1846 3785 2015 3851 107-1
2035 3769 2127 3848 14.
2173 3771 2348 3837 Cele-

253 3868 590 3933 berrimum
624 3871 796 3933 hunc
828 3873 1100 3935 codicem
1140 3877 1601 3936 commentariis
1643 3874 1984 3935 illustravit
2023 3877 2158 3940 Jac.
2213 3883 2346 3943 Go-

256 3979 601 4044 thofredus.
656 3981 850 4045 Edid.
898 3996 960 4044 et
1003 3983 1359 4049 Marvillius
1398 3983 1689 4065 Lugduni
1751 3981 1924 4045 1665.
1970 3982 2014 4046 6
2061 3984 2187 4053 vol.
2228 3986 2341 4049 fol.

258 4099 320 4149 et
346 4092 666 4155 emendav.
719 4090 779 4152 J.
825 4091 905 4152 D.
946 4092 1187 4171 Ritter,
1226 4092 1484 4176 Lipsiae,
1530 4087 1718 4174 1745,
1774 4113 1806 4176 7
1855 4091 1982 4159 vol.
2357 4069 2362 4082 ,
