2893 4778
870 355 879 364 ·
927 329 1141 379 menn
1191 329 1247 376 1.
1294 340 1391 360 --
1445 325 1603 378 cn.
1657 325 1724 384 v.
2221 304 2368 404 507

266 454 503 523 iteratae
548 449 843 544 petitioni
877 449 1051 516 locus
1086 472 1212 525 esse
1247 473 1382 516 non
1420 461 1629 542 potest
1646 499 1664 530 ,
1712 454 1861 527 cum
1900 448 2197 542 iniquum
2241 452 2321 515 sit
2343 499 2360 529 ‚

268 580 340 633 ut
379 567 479 633 his
535 577 869 657 praestetur
909 563 1000 632 'id
1038 615 1056 645 ‚
1110 563 1286 656 quod
1338 560 1533 630 semel
1584 559 1876 631 debitum
1931 576 2068 630 erat
2106 588 2127 648 3
2186 565 2368 632 ⁴victo

267 704 419 751 vero
477 680 677 746 actori
722 680 818 745 rei
875 678 1168 767 judicatae
1227 680 1517 770 exceptio
1581 679 1788 746 obstat
1850 685 1922 765 (1
1944 683 1995 764 ).
2060 680 2370 746 Attamen
2468 659 2475 669 ⁰

270 794 394 861 hoc
434 795 506 860 in
544 816 688 861 casu
728 794 861 884 peti
898 805 1105 884 potest
1153 818 1192 858 a
1233 793 1477 861 victore
1508 844 1524 873 ,
1572 792 1747 884 quod
1790 790 1933 886 plus
1976 793 2138 862 inest
2172 791 2371 861 altera
2434 814 2439 817 ’

274 910 519 976 actione
546 894 791 1001 relicta.
826 905 982 974 Sola
1006 905 1231 974 electio
1260 908 1452 974 unius
1470 908 1732 975 actionis
1762 906 2025 980 alteram
2052 928 2206 976 vero
2235 931 2368 981 non

271 1023 503 1089 aufert.
565 1020 762 1111 Quod
812 1022 865 1088 si
918 1034 1139 1089 contra
1206 1018 1482 1088 diversos
1543 1045 1683 1088 reos
1731 1021 2042 1110 ejusmodi
2099 1023 2376 1089 actiones

270 1147 681 1228 competunt,
724 1134 949 1204 electio
987 1148 1081 1204 est
1106 1135 1373 1218 actoris,
1408 1147 1502 1218 et,
1530 1159 1662 1204 non
1695 1137 1817 1203 nisi
1851 1138 2038 1206 unius
2058 1134 2322 1208 victoria
2346 1189 2364 1219 ‚
2405 1158 2409 1162 ’

262 1250 531 1319 alteram
566 1251 903 1343 extinguit.

809 1457 888 1530 C.
936 1417 1628 1557 Debexcepti'onz‘bus
1679 1468 1838 1553 (2).

647 1644 678 1737 ᾖ
723 1652 773 1720 Ι.
836 1651 1038 1721 Notio
1069 1606 1152 1719 ‘ct
1191 1652 1453 1743 zhdoles
1496 1657 1992 1746 exceptionum.

298 1894 306 1907 .
369 1838 513 1932 ¹74·
556 1836 871 1933 Exceptio
900 1834 983 1907 ab
1007 1840 1458 1932 interpretibus
1499 1839 1710 1909 latiori
1744 1853 1810 1908 et
1843 1842 2148 1935 strictiori
2194 1864 2378 1910 sensu

270 1959 639 2047 accipitur3
703 1955 925 2023 latiore
995 1954 1457 2046 significatione
1516 1957 1806 2047 exceptio
1866 1969 1961 2023 est
2025 1960 2237 2040 omnis*
2285 1958 2383 2023 rei

269 2081 495 2136 contra
521 2074 836 2134 actionem
866 2069 1215 2135 institutam
1259 2066 1570 2152 defensio3
1598 2067 1900 2134 strictiori
1939 2087 2089 2136 vero
2125 2080 2192 2137 et
2227 2087 2384 2160 pro—

271 2184 416 2279 prio
462 2181 714 2248 definiri
739 2194 945 2274 potest
982 2205 1178 2249 causae
1206 2181 1503 2274 allegatio
1522 2169 1576 2248 'a
1621 2205 1730 2249 reo
1751 2180 1922 2248 facta
1939 2232 1956 2262 ‚
2002 2181 2086 2251 ad
2139 2180 2386 2269 eliden-

267 2296 423 2383 dam
449 2297 760 2366 actionem
779 2300 975 2384 ‚jure
990 2298 1344 2363 institutam
1361 2296 1449 2382 (3)
1480 2347 1496 2377 ,
1528 2319 1638 2362 seu
1662 2294 1941 2365 exclusio
1964 2297 2229 2363 actionis
2248 2300 2391 2388 jure

274 2413 615 2478 constituta
633 2456 661 2491 ,
729 2425 992 2504 propter
1045 2431 1295 2479 causam
1325 2418 1480 2501 'ejus
1527 2413 1732 2480 exitui
1780 2414 2166 2480 contrariam
2225 2413 2383 2496 (4).

275 2526 456 2592 Finis
475 2527 938 2619 ‘exceptionum
969 2527 1052 2594 ab
1096 2528 1424 2594 actionum
1465 2526 1594 2593 fine
1625 2525 1838 2595 differt
1889 2550 1969 2594 eo
1991 2576 2009 2609 ,
2041 2525 2215 2620 quod
2265 2524 2391 2590 illae

278 2637 826 2707 defendendorum
863 2665 1120 2708 reorum
1182 2643 1387 2735 gratia
1431 2654 1840 2733 *comparatae
1905 2653 2055 2707 sunt
2085 2685 2113 2720 ,
2189 2653 2254 2707 et
2309 2637 2395 2707 ad

281 2753 823 2823 conservationem
859 2754 1237 2821 conditionis
1286 2753 1563 2823 tendunt
1599 2763 1619 2837 ,‘
1651 2779 1846 2848 quam
1893 2775 2219 2825 removere
2272 2779 2387 2823 ac·-

281 2871 453 2937 tione
494 2869 704 2939 studet
745 2872 987 2965 petitor
1041 2878 1189 2959 (n0.
1252 2870 1406 2949 155,
1446 2872 1516 2938 d.
1539 2878 1584 2959 ).

389 3200 468 3271 ι)
508 3192 576 3252 L.
616 3187 818 3276 41,§
872 3215 895 3255 1
933 3240 953 3271 ,
992 3196 1068 3257 D.
1107 3189 1231 3275 44,
1277 3217 1356 3280 7,
1404 3189 1527 3275 (de
1565 3195 1805 3257 obhet
1842 3200 2037 3287 aet.)-

382 3305 513 3382 (a)
557 3301 691 3381 Gai.
720 3297 809 3361 IV
841 3347 858 3376 ,
889 3299 918 3382 §
966 3299 1285 3375 115-130,
1316 3303 1364 3363 Ι.
1401 3295 1443 3378 4
1466 3346 1482 3374 ,
1519 3303 1587 3363 13
1611 3347 1627 3376 ,
1677 3302 1803 3385 (de
1838 3301 2391 3387 exceptionib,us);

296 3406 375 3468 D.
427 3403 545 3485 44,
611 3426 641 3467 r
658 3446 686 3481 ,
752 3402 877 3485 (de
930 3408 1271 3489 exception.
1309 3451 1327 3483 ,
1394 3408 1736 3489 praescript.
1798 3420 1862 3469 et
1932 3409 2394 3494 praejudiciis);

301 3513 456 3575 Cod.
499 3511 541 3573 8
567 3556 585 3586 ,
618 3507 731 3587 36,
767 3510 886 3588 (de
924 3514 1268 3595 exception.
1298 3532 1407 3574 seu
1437 3515 1777 3597 praescript.
1816 3516 1870 3595 ).
1920 3505 2202 3597 Dupont,
2243 3516 2401 3576 Dis-

300 3620 518 3704 quisit.
548 3619 616 3679 in
642 3614 757 3679 lib.
787 3615 874 3677 IV
906 3615 1046 3700 Gaj.
1081 3642 1147 3703 p.
1189 3617 1425 3699 81-853
1466 3619 1750 3698 Themis,
1790 3633 1937 3683 tom.
1974 3619 2060 3682 vl
2086 3668 2104 3700 ,
2139 3644 2202 3705 p.
2237 3620 2399 3706 7-14

301 3730 588 3807 (auctore
609 3724 723 3785 Du
748 3726 1060 3805 Caum-oy)
1078 3746 1100 3807 3
1120 3724 1377 3792 videndi
1404 3726 1612 3812 plures
1639 3737 1917 3792 auctores
1932 3773 1952 3809 ,
1974 3750 2161 3813 supra
2190 3751 2252 3792 n.
2290 3726 2398 3790 155

298 3815 453 3896 nota
509 3853 531 3895 1
563 3879 581 3910 ,
626 3830 880 3896 laudati.
979 3837 984 3840 “
1536 3837 1537 3840 ’

380 3949 416 4017 ζ
444 3942 520 4023 3)
564 3939 1013 4026 Westenberg,
1065 3939 1130 4004 h.
1174 3943 1283 4026 t.§
1322 3943 1383 4005 3.
1832 3968 1838 3973 ·

387 4047 551 4133 (4)
578 4047 688 4113 Pr.
726 4050 781 4113 I.
822 4047 891 4113 h.
931 4061 982 4115 t.
1036 4047 1082 4115 1.
1135 4071 1173 4115 2
1226 4071 1376 4136 pr.,
1430 4049 1480 4114 1.
1526 4069 1603 4114 22
1654 4071 1750 4136 pr.
1781 4098 1800 4130 ‚
1842 4050 1922 4112 D.
1970 4049 2099 4112 ib.

1930 4162 2059 4230 Ξο.
