<?xml version="1.0" encoding="UTF-8"?>
<!DOCTYPE html PUBLIC "-//W3C//DTD XHTML 1.0 Transitional//EN"
    "http://www.w3.org/TR/xhtml1/DTD/xhtml1-transitional.dtd">
<html xmlns="http://www.w3.org/1999/xhtml" xml:lang="en" lang="en">
 <head>
  <title>
</title>
<meta http-equiv="Content-Type" content="text/html;charset=utf-8" />
  <meta name='ocr-system' content='tesseract 3.04.00' />
  <meta name='ocr-capabilities' content='ocr_page ocr_carea ocr_par ocr_line ocrx_word'/>
</head>
<body>
  <div class='ocr_page' id='page_1' title='image "./commentariijuri00warngoog/commentariijuri00warngoog_0120.png"; bbox 0 0 2893 4778; ppageno 0'>
   <div class='ocr_carea' id='block_1_1' title="bbox 518 327 2421 417">
    <p class='ocr_par' dir='ltr' id='par_1_1' title="bbox 518 327 2421 417">
     <span class='ocr_line' id='line_1_1' title="bbox 518 327 2421 417; baseline 0.003 -32"><span class='ocrx_word' id='word_1_1' title='bbox 518 338 656 386; x_wconf 88' lang='lat'>100</span> <span class='ocrx_word' id='word_1_2' title='bbox 846 337 1355 385; x_wconf 70' lang='lat' dir='ltr'>COMMENTARH</span> <span class='ocrx_word' id='word_1_3' title='bbox 1407 339 1608 385; x_wconf 73' lang='lat' dir='ltr'>Jums</span> <span class='ocrx_word' id='word_1_4' title='bbox 1659 327 1942 390; x_wconf 63' lang='lat' dir='ltr'>ROMANI&#39;</span> <span class='ocrx_word' id='word_1_5' title='bbox 1993 341 2309 391; x_wconf 74' lang='lat' dir='ltr'>PRIVATI.</span> <span class='ocrx_word' id='word_1_6' title='bbox 2404 396 2421 417; x_wconf 48' lang='grc' dir='ltr'><strong><em>ο</em></strong></span> 
     </span>
    </p>
   </div>
   <div class='ocr_carea' id='block_1_2' title="bbox 403 455 2636 3183">
    <p class='ocr_par' dir='ltr' id='par_1_2' title="bbox 509 455 2634 870">
     <span class='ocr_line' id='line_1_2' title="bbox 609 455 2634 559; baseline 0.004 -34"><span class='ocrx_word' id='word_1_7' title='bbox 609 458 1031 532; x_wconf 86' lang='lat' dir='ltr'>Celeberrimi</span> <span class='ocrx_word' id='word_1_8' title='bbox 1074 469 1287 524; x_wconf 87' lang='lat' dir='ltr'>autem</span> <span class='ocrx_word' id='word_1_9' title='bbox 1353 455 1522 524; x_wconf 89' lang='lat' dir='ltr'>illius</span> <span class='ocrx_word' id='word_1_10' title='bbox 1576 458 1792 529; x_wconf 75' lang='lat' dir='ltr'>saeculi</span> <span class='ocrx_word' id='word_1_11' title='bbox 1855 461 2201 555; x_wconf 79' lang='lat' dir='ltr'><strong>Belgarum</strong></span> <span class='ocrx_word' id='word_1_12' title='bbox 2270 463 2634 559; x_wconf 82' lang='lat' dir='ltr'>philologos</span> 
     </span>
     <span class='ocr_line' id='line_1_3' title="bbox 511 571 2623 666; baseline 0.004 -28"><span class='ocrx_word' id='word_1_13' title='bbox 511 575 655 666; x_wconf 87' lang='lat' dir='ltr'>quis</span> <span class='ocrx_word' id='word_1_14' title='bbox 693 573 1005 665; x_wconf 76' lang='lat' dir='ltr'>ignorat?</span> <span class='ocrx_word' id='word_1_15' title='bbox 1039 573 1077 637; x_wconf 90' lang='lat' dir='ltr'><strong>J</strong></span> <span class='ocrx_word' id='word_1_16' title='bbox 1084 573 1203 638; x_wconf 89' lang='lat' dir='ltr'>usti</span> <span class='ocrx_word' id='word_1_17' title='bbox 1253 571 1448 662; x_wconf 87' lang='lat' dir='ltr'>Lipsii</span> <span class='ocrx_word' id='word_1_18' title='bbox 1471 623 1486 650; x_wconf 92' lang='lat'>‚</span> <span class='ocrx_word' id='word_1_19' title='bbox 1530 572 1778 639; x_wconf 85' lang='lat' dir='ltr'>Erasmi</span> <span class='ocrx_word' id='word_1_20' title='bbox 1814 575 2227 645; x_wconf 85' lang='lat' dir='ltr'>Roterodami</span> <span class='ocrx_word' id='word_1_21' title='bbox 2252 631 2270 658; x_wconf 78' lang='grc'>,</span> <span class='ocrx_word' id='word_1_22' title='bbox 2324 580 2576 647; x_wconf 90' lang='lat' dir='ltr'>Heinsii</span> <span class='ocrx_word' id='word_1_23' title='bbox 2606 634 2623 662; x_wconf 88' lang='lat'>‚</span> 
     </span>
     <span class='ocr_line' id='line_1_4' title="bbox 512 683 2630 780; baseline 0.005 -28"><span class='ocrx_word' id='word_1_24' title='bbox 512 688 656 753; x_wconf 84' lang='lat' dir='ltr'>Jani</span> <span class='ocrx_word' id='word_1_25' title='bbox 704 687 969 753; x_wconf 85' lang='lat' dir='ltr'>Gruteri</span> <span class='ocrx_word' id='word_1_26' title='bbox 993 735 1010 766; x_wconf 85' lang='lat'>,</span> <span class='ocrx_word' id='word_1_27' title='bbox 1058 685 1330 760; x_wconf 83' lang='lat' dir='ltr'>Huberti</span> <span class='ocrx_word' id='word_1_28' title='bbox 1383 683 1593 756; x_wconf 85' lang='lat' dir='ltr'>Golzii</span> <span class='ocrx_word' id='word_1_29' title='bbox 1608 731 1637 766; x_wconf 86' lang='lat'><em>,</em></span> <span class='ocrx_word' id='word_1_30' title='bbox 1692 688 1909 780; x_wconf 87' lang='lat' dir='ltr'>Pighii</span> <span class='ocrx_word' id='word_1_31' title='bbox 1945 705 2012 758; x_wconf 89' lang='lat' dir='ltr'>et</span> <span class='ocrx_word' id='word_1_32' title='bbox 2043 692 2316 776; x_wconf 83' lang='lat' dir='ltr'>Puteani</span> <span class='ocrx_word' id='word_1_33' title='bbox 2361 697 2630 762; x_wconf 87' lang='lat' dir='ltr'>nomina</span> 
     </span>
     <span class='ocr_line' id='line_1_5' title="bbox 509 798 1887 870; baseline 0.002 -4"><span class='ocrx_word' id='word_1_34' title='bbox 509 807 582 868; x_wconf 90' lang='lat' dir='ltr'>in</span> <span class='ocrx_word' id='word_1_35' title='bbox 616 803 906 868; x_wconf 88' lang='lat' dir='ltr'>omnium</span> <span class='ocrx_word' id='word_1_36' title='bbox 950 798 1349 866; x_wconf 81' lang='lat' dir='ltr'>literatorum</span> <span class='ocrx_word' id='word_1_37' title='bbox 1381 821 1492 870; x_wconf 81' lang='lat' dir='ltr'>ore</span> <span class='ocrx_word' id='word_1_38' title='bbox 1529 812 1887 869; x_wconf 82' lang='lat' dir='ltr'>versantur.</span> 
     </span>
    </p>

    <p class='ocr_par' dir='ltr' id='par_1_3' title="bbox 508 899 2632 1350">
     <span class='ocr_line' id='line_1_6' title="bbox 560 899 2631 1004; baseline 0.001 -19"><span class='ocrx_word' id='word_1_39' title='bbox 560 973 574 985; x_wconf 83' lang='lat'><em>.</em></span> <span class='ocrx_word' id='word_1_40' title='bbox 599 914 860 982; x_wconf 86' lang='lat' dir='ltr'>Saeculis</span> <span class='ocrx_word' id='word_1_41' title='bbox 917 937 1070 982; x_wconf 81' lang='lat' dir='ltr'>vero</span> <span class='ocrx_word' id='word_1_42' title='bbox 1109 913 1618 1004; x_wconf 79' lang='lat' dir='ltr'>¹insequentibus</span> <span class='ocrx_word' id='word_1_43' title='bbox 1691 918 1847 1002; x_wconf 82' lang='lat' dir='ltr'>juris</span> <span class='ocrx_word' id='word_1_44' title='bbox 1914 899 2176 986; x_wconf 77' lang='lat' dir='ltr'>scientia</span> <span class='ocrx_word' id='word_1_45' title='bbox 2250 945 2446 988; x_wconf 87' lang='lat' dir='ltr'>novas</span> <span class='ocrx_word' id='word_1_46' title='bbox 2503 922 2631 988; x_wconf 88' lang='lat' dir='ltr'>sibi</span> 
     </span>
     <span class='ocr_line' id='line_1_7' title="bbox 509 1024 2632 1126; baseline 0.004 -32"><span class='ocrx_word' id='word_1_47' title='bbox 509 1030 799 1126; x_wconf 82' lang='lat' dir='ltr'>quaesivit</span> <span class='ocrx_word' id='word_1_48' title='bbox 830 1027 1002 1094; x_wconf 85' lang='lat' dir='ltr'>sedes</span> <span class='ocrx_word' id='word_1_49' title='bbox 1034 1024 1206 1118; x_wconf 84' lang='lat' dir='ltr'>apud</span> <span class='ocrx_word' id='word_1_50' title='bbox 1235 1028 1504 1102; x_wconf 79' lang='lat' dir='ltr'>Batavos</span> <span class='ocrx_word' id='word_1_51' title='bbox 1523 1038 1589 1092; x_wconf 88' lang='lat' dir='ltr'>et</span> <span class='ocrx_word' id='word_1_52' title='bbox 1616 1029 1844 1121; x_wconf 86' lang='lat' dir='ltr'>Belgas</span> <span class='ocrx_word' id='word_1_53' title='bbox 1870 1034 2391 1124; x_wconf 81' lang='lat' dir='ltr'>septentrionales</span> <span class='ocrx_word' id='word_1_54' title='bbox 2414 1087 2432 1114; x_wconf 89' lang='lat'>‚</span> <span class='ocrx_word' id='word_1_55' title='bbox 2467 1034 2632 1102; x_wconf 86' lang='lat' dir='ltr'>dum</span> 
     </span>
     <span class='ocr_line' id='line_1_8' title="bbox 510 1140 2632 1242; baseline 0.002 -31"><span class='ocrx_word' id='word_1_56' title='bbox 510 1147 582 1212; x_wconf 90' lang='lat' dir='ltr'>in</span> <span class='ocrx_word' id='word_1_57' title='bbox 612 1141 827 1210; x_wconf 87' lang='lat' dir='ltr'>schola</span> <span class='ocrx_word' id='word_1_58' title='bbox 862 1141 1242 1209; x_wconf 85' lang='lat' dir='ltr'>Lovaniensi</span> <span class='ocrx_word' id='word_1_59' title='bbox 1278 1152 1345 1206; x_wconf 85' lang='lat' dir='ltr'>et</span> <span class='ocrx_word' id='word_1_60' title='bbox 1387 1140 1703 1210; x_wconf 89' lang='lat' dir='ltr'>Duacensi</span> <span class='ocrx_word' id='word_1_61' title='bbox 1745 1143 2097 1238; x_wconf 79' lang='lat' dir='ltr'>elegantior</span> <span class='ocrx_word' id='word_1_62' title='bbox 2128 1147 2632 1242; x_wconf 81' lang='lat' dir='ltr'>jurisprudentia</span> 
     </span>
     <span class='ocr_line' id='line_1_9' title="bbox 508 1253 993 1350; baseline -0.006 -27"><span class='ocrx_word' id='word_1_63' title='bbox 508 1253 752 1350; x_wconf 83' lang='lat' dir='ltr'>negligi</span> <span class='ocrx_word' id='word_1_64' title='bbox 785 1259 993 1345; x_wconf 83' lang='lat' dir='ltr'>coepit.</span> 
     </span>
    </p>

    <p class='ocr_par' dir='ltr' id='par_1_4' title="bbox 403 1361 2636 2382">
     <span class='ocr_line' id='line_1_10' title="bbox 600 1361 2625 1462; baseline 0.003 -25"><span class='ocrx_word' id='word_1_65' title='bbox 600 1368 912 1461; x_wconf 88' lang='lat' dir='ltr'>Perpauci</span> <span class='ocrx_word' id='word_1_66' title='bbox 957 1368 1049 1434; x_wconf 89' lang='lat' dir='ltr'>ibi</span> <span class='ocrx_word' id='word_1_67' title='bbox 1081 1365 1307 1435; x_wconf 82' lang='lat' dir='ltr'>saeculo</span> <span class='ocrx_word' id='word_1_68' title='bbox 1344 1361 1541 1436; x_wconf 88' lang='lat' dir='ltr'><strong>XVII</strong></span> <span class='ocrx_word' id='word_1_69' title='bbox 1576 1369 1865 1462; x_wconf 85' lang='lat' dir='ltr'>praeclari</span> <span class='ocrx_word' id='word_1_70' title='bbox 1901 1372 2114 1440; x_wconf 79' lang='lat' dir='ltr'>vixere</span> <span class='ocrx_word' id='word_1_71' title='bbox 2150 1375 2625 1462; x_wconf 78' lang='lat' dir='ltr'>jurisconsulti:</span> 
     </span>
     <span class='ocr_line' id='line_1_11' title="bbox 512 1480 2634 1572; baseline 0.005 -23"><span class='ocrx_word' id='word_1_72' title='bbox 512 1486 682 1550; x_wconf 82' lang='lat' dir='ltr'>inter</span> <span class='ocrx_word' id='word_1_73' title='bbox 717 1506 821 1550; x_wconf 88' lang='lat' dir='ltr'>eos</span> <span class='ocrx_word' id='word_1_74' title='bbox 879 1494 1090 1549; x_wconf 81' lang='lat' dir='ltr'>tamen</span> <span class='ocrx_word' id='word_1_75' title='bbox 1152 1480 1534 1563; x_wconf 85' lang='lat' dir='ltr'>nominandi</span> <span class='ocrx_word' id='word_1_76' title='bbox 1588 1496 1740 1550; x_wconf 89' lang='lat' dir='ltr'>sunt</span> <span class='ocrx_word' id='word_1_77' title='bbox 1786 1485 2071 1568; x_wconf 76' lang='lat' dir='ltr'>Zoe&#39;sius‚</span> <span class='ocrx_word' id='word_1_78' title='bbox 2138 1487 2469 1564; x_wconf 84' lang='lat' dir='ltr'>Tuldenus</span> <span class='ocrx_word' id='word_1_79' title='bbox 2499 1542 2518 1572; x_wconf 90' lang='lat'>‚</span> <span class='ocrx_word' id='word_1_80' title='bbox 2560 1507 2634 1561; x_wconf 85' lang='lat' dir='ltr'>et</span> 
     </span>
     <span class='ocr_line' id='line_1_12' title="bbox 512 1595 2636 1695; baseline -0.003 -31"><span class='ocrx_word' id='word_1_81' title='bbox 512 1601 831 1693; x_wconf 77' lang='lat' dir='ltr'>praecipue</span> <span class='ocrx_word' id='word_1_82' title='bbox 877 1595 1034 1663; x_wconf 89' lang='lat' dir='ltr'>Ant.</span> <span class='ocrx_word' id='word_1_83' title='bbox 1075 1597 1366 1662; x_wconf 81' lang='lat' dir='ltr'>Perezius</span> <span class='ocrx_word' id='word_1_84' title='bbox 1404 1602 1533 1679; x_wconf 89' lang='lat' dir='ltr'>(m.</span> <span class='ocrx_word' id='word_1_85' title='bbox 1590 1597 1792 1688; x_wconf 76' lang='grc'>1674)</span> <span class='ocrx_word' id='word_1_86' title='bbox 1837 1605 1855 1682; x_wconf 96' lang='grc'>(</span> <span class='ocrx_word' id='word_1_87' title='bbox 1886 1626 1906 1667; x_wconf 90' lang='lat'>1</span> <span class='ocrx_word' id='word_1_88' title='bbox 1937 1606 1959 1685; x_wconf 93' lang='lat'>)</span> <span class='ocrx_word' id='word_1_89' title='bbox 1989 1653 2006 1680; x_wconf 89' lang='lat'>‚</span> <span class='ocrx_word' id='word_1_90' title='bbox 2045 1625 2128 1668; x_wconf 79' lang='lat' dir='ltr'>ex</span> <span class='ocrx_word' id='word_1_91' title='bbox 2159 1602 2487 1695; x_wconf 80' lang='lat' dir='ltr'>hispanica</span> <span class='ocrx_word' id='word_1_92' title='bbox 2519 1602 2636 1670; x_wconf 68' lang='lat' dir='ltr'>fa..</span> 
     </span>
     <span class='ocr_line' id='line_1_13' title="bbox 516 1711 2635 1811; baseline 0.002 -31"><span class='ocrx_word' id='word_1_93' title='bbox 516 1713 690 1780; x_wconf 88' lang='lat' dir='ltr'>milia</span> <span class='ocrx_word' id='word_1_94' title='bbox 739 1723 932 1779; x_wconf 89' lang='lat' dir='ltr'>ortus.</span> <span class='ocrx_word' id='word_1_95' title='bbox 992 1711 1216 1777; x_wconf 84' lang='lat' dir='ltr'>Postea</span> <span class='ocrx_word' id='word_1_96' title='bbox 1266 1713 1526 1777; x_wconf 89' lang='lat' dir='ltr'>nonnisi</span> <span class='ocrx_word' id='word_1_97' title='bbox 1587 1736 1707 1803; x_wconf 87' lang='lat' dir='ltr'>pro</span> <span class='ocrx_word' id='word_1_98' title='bbox 1760 1713 1997 1781; x_wconf 84' lang='lat' dir='ltr'>forensi</span> <span class='ocrx_word' id='word_1_99' title='bbox 2052 1718 2204 1802; x_wconf 82' lang='lat' dir='ltr'>juris</span> <span class='ocrx_word' id='word_1_100' title='bbox 2264 1742 2384 1784; x_wconf 89' lang='lat' dir='ltr'>usu</span> <span class='ocrx_word' id='word_1_101' title='bbox 2420 1718 2635 1811; x_wconf 86' lang='lat' dir='ltr'>Belgii</span> 
     </span>
     <span class='ocr_line' id='line_1_14' title="bbox 520 1830 2634 1927; baseline 0.002 -29"><span class='ocrx_word' id='word_1_102' title='bbox 520 1843 804 1898; x_wconf 82' lang='lat' dir='ltr'>auctores</span> <span class='ocrx_word' id='word_1_103' title='bbox 860 1830 1250 1920; x_wconf 87' lang='lat' dir='ltr'>scripserunt</span> <span class='ocrx_word' id='word_1_104' title='bbox 1284 1834 1432 1913; x_wconf 82' lang='lat'>(2),</span> <span class='ocrx_word' id='word_1_105' title='bbox 1477 1832 1877 1921; x_wconf 83' lang='lat' dir='ltr'>potissimum</span> <span class='ocrx_word' id='word_1_106' title='bbox 1924 1832 2314 1900; x_wconf 86' lang='lat' dir='ltr'>diversarum</span> <span class='ocrx_word' id='word_1_107' title='bbox 2359 1837 2634 1927; x_wconf 84' lang='lat' dir='ltr'>provin-</span> 
     </span>
     <span class='ocr_line' id='line_1_15' title="bbox 437 1935 2631 2032; baseline 0 -17"><span class='ocrx_word' id='word_1_108' title='bbox 437 1951 446 1955; x_wconf 62' lang='grc'><em>”</em></span> <span class='ocrx_word' id='word_1_109' title='bbox 513 1952 761 2016; x_wconf 88' lang='lat' dir='ltr'>ciarum</span> <span class='ocrx_word' id='word_1_110' title='bbox 804 1935 1289 2014; x_wconf 77' lang='lat' dir='ltr'>consuetudines</span> <span class='ocrx_word' id='word_1_111' title='bbox 1336 1944 1717 2014; x_wconf 86' lang='lat' dir='ltr'>illustrantes</span> <span class='ocrx_word' id='word_1_112' title='bbox 1771 1947 1922 2032; x_wconf 83' lang='lat'>(3),</span> <span class='ocrx_word' id='word_1_113' title='bbox 1989 1946 2187 2016; x_wconf 86' lang='lat' dir='ltr'>veluti</span> <span class='ocrx_word' id='word_1_114' title='bbox 2251 1948 2591 2015; x_wconf 88' lang='lat' dir='ltr'>Anselmus</span> <span class='ocrx_word' id='word_1_115' title='bbox 2612 2000 2631 2028; x_wconf 89' lang='lat'>,</span> 
     </span>
     <span class='ocr_line' id='line_1_16' title="bbox 517 2057 2634 2153; baseline 0.001 -28"><span class='ocrx_word' id='word_1_116' title='bbox 517 2062 784 2153; x_wconf 78' lang='lat' dir='ltr'>Zypaeus</span> <span class='ocrx_word' id='word_1_117' title='bbox 819 2109 839 2140; x_wconf 93' lang='lat'>‚</span> <span class='ocrx_word' id='word_1_118' title='bbox 923 2057 1363 2150; x_wconf 83' lang='lat' dir='ltr'>Christynaeus</span> <span class='ocrx_word' id='word_1_119' title='bbox 1403 2109 1444 2150; x_wconf 8' lang='grc' dir='ltr'>,γ</span> <span class='ocrx_word' id='word_1_120' title='bbox 1526 2058 1565 2123; x_wconf 88' lang='lat' dir='ltr'><strong>J</strong></span> <span class='ocrx_word' id='word_1_121' title='bbox 1570 2109 1584 2123; x_wconf 89' lang='lat'><strong>.</strong></span> <span class='ocrx_word' id='word_1_122' title='bbox 1661 2071 1729 2125; x_wconf 89' lang='lat' dir='ltr'>et</span> <span class='ocrx_word' id='word_1_123' title='bbox 1797 2059 1875 2124; x_wconf 89' lang='lat' dir='ltr'>T.</span> <span class='ocrx_word' id='word_1_124' title='bbox 1951 2085 1989 2125; x_wconf 89' lang='lat' dir='ltr'>a</span> <span class='ocrx_word' id='word_1_125' title='bbox 2058 2058 2269 2126; x_wconf 85' lang='lat' dir='ltr'>Sande</span> <span class='ocrx_word' id='word_1_126' title='bbox 2307 2111 2324 2141; x_wconf 89' lang='lat'>‚</span> <span class='ocrx_word' id='word_1_127' title='bbox 2400 2062 2634 2128; x_wconf 84' lang='lat' dir='ltr'>Petrus</span> 
     </span>
     <span class='ocr_line' id='line_1_17' title="bbox 403 2170 2630 2263; baseline -0 -21"><span class='ocrx_word' id='word_1_128' title='bbox 403 2197 408 2202; x_wconf 81' lang='grc'><strong><em>’</em></strong></span> <span class='ocrx_word' id='word_1_129' title='bbox 514 2175 892 2242; x_wconf 84' lang='lat' dir='ltr'>Stockmans</span> <span class='ocrx_word' id='word_1_130' title='bbox 977 2170 1088 2258; x_wconf 93' lang='grc'>(4)</span> <span class='ocrx_word' id='word_1_131' title='bbox 1125 2222 1143 2252; x_wconf 90' lang='grc'><strong><em>,</em></strong></span> <span class='ocrx_word' id='word_1_132' title='bbox 1212 2170 1510 2238; x_wconf 84' lang='lat' dir='ltr'>Ghewiet</span> <span class='ocrx_word' id='word_1_133' title='bbox 1556 2221 1575 2250; x_wconf 89' lang='lat'>‚</span> <span class='ocrx_word' id='word_1_134' title='bbox 1646 2183 1712 2238; x_wconf 88' lang='lat' dir='ltr'>et</span> <span class='ocrx_word' id='word_1_135' title='bbox 1795 2171 2085 2263; x_wconf 75' lang='lat' dir='ltr'>praeclari</span> <span class='ocrx_word' id='word_1_136' title='bbox 2126 2172 2630 2241; x_wconf 78' lang='lat' dir='ltr'>-Leodiensium</span> 
     </span>
     <span class='ocr_line' id='line_1_18' title="bbox 511 2284 1957 2382; baseline -0.003 -26"><span class='ocrx_word' id='word_1_137' title='bbox 511 2293 846 2382; x_wconf 88' lang='lat' dir='ltr'>scriptores</span> <span class='ocrx_word' id='word_1_138' title='bbox 889 2287 1092 2355; x_wconf 89' lang='lat' dir='ltr'>Sohet</span> <span class='ocrx_word' id='word_1_139' title='bbox 1125 2337 1141 2367; x_wconf 87' lang='lat'>‚</span> <span class='ocrx_word' id='word_1_140' title='bbox 1181 2287 1479 2353; x_wconf 83' lang='lat' dir='ltr'>Louvrex</span> <span class='ocrx_word' id='word_1_141' title='bbox 1518 2299 1584 2352; x_wconf 87' lang='lat' dir='ltr'>et</span> <span class='ocrx_word' id='word_1_142' title='bbox 1638 2284 1718 2353; x_wconf 88' lang='lat' dir='ltr'>de</span> <span class='ocrx_word' id='word_1_143' title='bbox 1746 2288 1957 2354; x_wconf 74' lang='lat' dir='ltr'>Me&#39;an.</span> 
     </span>
    </p>

    <p class='ocr_par' dir='ltr' id='par_1_5' title="bbox 507 2398 2634 3183">
     <span class='ocr_line' id='line_1_19' title="bbox 601 2398 2632 2494; baseline -0.001 -24"><span class='ocrx_word' id='word_1_144' title='bbox 601 2402 850 2470; x_wconf 86' lang='lat' dir='ltr'>Interea</span> <span class='ocrx_word' id='word_1_145' title='bbox 876 2415 1093 2468; x_wconf 85' lang='lat' dir='ltr'>autem</span> <span class='ocrx_word' id='word_1_146' title='bbox 1133 2403 1202 2466; x_wconf 90' lang='lat' dir='ltr'>in</span> <span class='ocrx_word' id='word_1_147' title='bbox 1238 2398 1449 2492; x_wconf 81' lang='lat' dir='ltr'>Belgii</span> <span class='ocrx_word' id='word_1_148' title='bbox 1492 2400 1999 2492; x_wconf 86' lang='lat' dir='ltr'>septentrionalis</span> <span class='ocrx_word' id='word_1_149' title='bbox 2030 2401 2314 2493; x_wconf 85' lang='lat' dir='ltr'>partibus</span> <span class='ocrx_word' id='word_1_150' title='bbox 2349 2413 2417 2467; x_wconf 89' lang='lat' dir='ltr'>et</span> <span class='ocrx_word' id='word_1_151' title='bbox 2452 2401 2632 2494; x_wconf 87' lang='lat' dir='ltr'>apud</span> 
     </span>
     <span class='ocr_line' id='line_1_20' title="bbox 515 2513 2633 2607; baseline -0.001 -23"><span class='ocrx_word' id='word_1_152' title='bbox 515 2519 785 2586; x_wconf 83' lang='lat' dir='ltr'>Batavos</span> <span class='ocrx_word' id='word_1_153' title='bbox 812 2569 830 2598; x_wconf 88' lang='lat'><strong>,</strong></span> <span class='ocrx_word' id='word_1_154' title='bbox 886 2513 1146 2607; x_wconf 83' lang='lat' dir='ltr'>publica</span> <span class='ocrx_word' id='word_1_155' title='bbox 1207 2514 1498 2590; x_wconf 80' lang='lat' dir='ltr'>libertate</span> <span class='ocrx_word' id='word_1_156' title='bbox 1550 2514 1799 2581; x_wconf 86' lang='lat' dir='ltr'>firmata</span> <span class='ocrx_word' id='word_1_157' title='bbox 1832 2567 1848 2593; x_wconf 87' lang='lat'><em>‚</em></span> <span class='ocrx_word' id='word_1_158' title='bbox 1903 2539 2121 2582; x_wconf 89' lang='lat' dir='ltr'>omnes</span> <span class='ocrx_word' id='word_1_159' title='bbox 2170 2514 2521 2607; x_wconf 70' lang='lat' dir='ltr'>disciplinae</span> <span class='ocrx_word' id='word_1_160' title='bbox 2560 2529 2633 2581; x_wconf 89' lang='lat' dir='ltr'>et</span> 
     </span>
     <span class='ocr_line' id='line_1_21' title="bbox 516 2627 2626 2720; baseline -0.001 -23"><span class='ocrx_word' id='word_1_161' title='bbox 516 2644 680 2698; x_wconf 90' lang='lat' dir='ltr'>artes</span> <span class='ocrx_word' id='word_1_162' title='bbox 718 2631 1128 2702; x_wconf 75' lang='lat' dir='ltr'>humaniores</span> <span class='ocrx_word' id='word_1_163' title='bbox 1166 2627 1660 2695; x_wconf 87' lang='lat' dir='ltr'>efflorescebant.</span> <span class='ocrx_word' id='word_1_164' title='bbox 1709 2628 2047 2717; x_wconf 86' lang='lat' dir='ltr'>Quantum</span> <span class='ocrx_word' id='word_1_165' title='bbox 2074 2629 2181 2695; x_wconf 90' lang='lat' dir='ltr'>hic</span> <span class='ocrx_word' id='word_1_166' title='bbox 2226 2627 2504 2720; x_wconf 88' lang='lat' dir='ltr'>populus</span> <span class='ocrx_word' id='word_1_167' title='bbox 2550 2630 2626 2694; x_wconf 91' lang='lat' dir='ltr'>in</span> 
     </span>
     <span class='ocr_line' id='line_1_22' title="bbox 514 2736 2634 2835; baseline 0 -25"><span class='ocrx_word' id='word_1_168' title='bbox 514 2743 830 2818; x_wconf 87' lang='lat' dir='ltr'>medicina</span> <span class='ocrx_word' id='word_1_169' title='bbox 850 2757 915 2810; x_wconf 88' lang='lat' dir='ltr'>et</span> <span class='ocrx_word' id='word_1_170' title='bbox 934 2736 1208 2810; x_wconf 82' lang='lat' dir='ltr'>scientiis</span> <span class='ocrx_word' id='word_1_171' title='bbox 1236 2742 1632 2808; x_wconf 78' lang='lat' dir='ltr'>naturalibus</span> <span class='ocrx_word' id='word_1_172' title='bbox 1650 2744 2013 2835; x_wconf 79' lang='lat' dir='ltr'>praestiterit</span> <span class='ocrx_word' id='word_1_173' title='bbox 2033 2794 2049 2822; x_wconf 86' lang='lat'>,</span> <span class='ocrx_word' id='word_1_174' title='bbox 2073 2743 2372 2810; x_wconf 89' lang='lat' dir='ltr'>omnibus</span> <span class='ocrx_word' id='word_1_175' title='bbox 2392 2755 2634 2810; x_wconf 85' lang='lat' dir='ltr'>notum</span> 
     </span>
     <span class='ocr_line' id='line_1_23' title="bbox 510 2843 2628 2957; baseline -0 -31"><span class='ocrx_word' id='word_1_176' title='bbox 510 2872 642 2957; x_wconf 66' lang='lat' dir='ltr'>est3</span> <span class='ocrx_word' id='word_1_177' title='bbox 707 2843 1144 2951; x_wconf 83' lang='lat' dir='ltr'>quantumque</span> <span class='ocrx_word' id='word_1_178' title='bbox 1192 2871 1528 2926; x_wconf 84' lang='lat' dir='ltr'>auctorum</span> <span class='ocrx_word' id='word_1_179' title='bbox 1574 2872 1862 2928; x_wconf 79' lang='lat' dir='ltr'>veterum</span> <span class='ocrx_word' id='word_1_180' title='bbox 1904 2857 2187 2925; x_wconf 84' lang='lat' dir='ltr'>studium</span> <span class='ocrx_word' id='word_1_181' title='bbox 2232 2860 2308 2924; x_wconf 91' lang='lat' dir='ltr'>iis</span> <span class='ocrx_word' id='word_1_182' title='bbox 2356 2858 2587 2925; x_wconf 85' lang='lat' dir='ltr'>debeat</span> <span class='ocrx_word' id='word_1_183' title='bbox 2608 2910 2628 2939; x_wconf 87' lang='lat'><strong>,</strong></span> 
     </span>
     <span class='ocr_line' id='line_1_24' title="bbox 511 2974 2630 3068; baseline -0.001 -27"><span class='ocrx_word' id='word_1_184' title='bbox 511 2977 835 3043; x_wconf 90' lang='lat' dir='ltr'>neminem</span> <span class='ocrx_word' id='word_1_185' title='bbox 876 2974 1062 3067; x_wconf 83' lang='lat' dir='ltr'>fugit.</span> <span class='ocrx_word' id='word_1_186' title='bbox 1103 2974 1237 3043; x_wconf 90' lang='lat' dir='ltr'>Nec</span> <span class='ocrx_word' id='word_1_187' title='bbox 1288 2978 1497 3043; x_wconf 89' lang='lat' dir='ltr'>minus</span> <span class='ocrx_word' id='word_1_188' title='bbox 1529 2989 1744 3043; x_wconf 88' lang='lat' dir='ltr'>autem</span> <span class='ocrx_word' id='word_1_189' title='bbox 1768 2975 1939 3068; x_wconf 86' lang='lat' dir='ltr'>apud</span> <span class='ocrx_word' id='word_1_190' title='bbox 1976 2974 2117 3042; x_wconf 88' lang='lat' dir='ltr'>illos</span> <span class='ocrx_word' id='word_1_191' title='bbox 2146 2974 2395 3041; x_wconf 85' lang='lat' dir='ltr'>erudita</span> <span class='ocrx_word' id='word_1_192' title='bbox 2428 2977 2630 3061; x_wconf 86' lang='lat' dir='ltr'>juris·-</span> 
     </span>
     <span class='ocr_line' id='line_1_25' title="bbox 507 3087 2629 3183; baseline -0.001 -27"><span class='ocrx_word' id='word_1_193' title='bbox 507 3088 845 3183; x_wconf 83' lang='lat' dir='ltr'>prudentia</span> <span class='ocrx_word' id='word_1_194' title='bbox 911 3088 1242 3159; x_wconf 83' lang='lat' dir='ltr'>colebatur</span> <span class='ocrx_word' id='word_1_195' title='bbox 1271 3140 1288 3168; x_wconf 89' lang='lat'>‚</span> <span class='ocrx_word' id='word_1_196' title='bbox 1360 3093 1652 3182; x_wconf 85' lang='lat' dir='ltr'>tantique</span> <span class='ocrx_word' id='word_1_197' title='bbox 1723 3092 2001 3158; x_wconf 87' lang='lat' dir='ltr'>nominis</span> <span class='ocrx_word' id='word_1_198' title='bbox 2062 3104 2252 3183; x_wconf 80' lang='lat' dir='ltr'>atque</span> <span class='ocrx_word' id='word_1_199' title='bbox 2321 3087 2629 3181; x_wconf 80' lang='lat' dir='ltr'>ponderis</span> 
     </span>
    </p>
   </div>
   <div class='ocr_carea' id='block_1_3' title="bbox 592 3336 1236 3471">
    <p class='ocr_par' dir='ltr' id='par_1_6' title="bbox 592 3336 1236 3471">
     <span class='ocr_line' id='line_1_26' title="bbox 592 3336 1236 3471; baseline -0.002 -21"><span class='ocrx_word' id='word_1_200' title='bbox 592 3388 707 3471; x_wconf 77' lang='grc' dir='ltr'>(ι)</span> <span class='ocrx_word' id='word_1_201' title='bbox 748 3336 976 3470; x_wconf 48' lang='lat' dir='ltr'><em>mago}</em></span> <span class='ocrx_word' id='word_1_202' title='bbox 1022 3386 1051 3471; x_wconf 83' lang='lat'><em>§</em></span> <span class='ocrx_word' id='word_1_203' title='bbox 1094 3390 1236 3449; x_wconf 82' lang='lat'><strong>320.</strong></span> 
     </span>
    </p>
   </div>
   <div class='ocr_carea' id='block_1_4' title="bbox 503 3523 2624 3817">
    <p class='ocr_par' dir='ltr' id='par_1_7' title="bbox 503 3523 2624 3817">
     <span class='ocr_line' id='line_1_27' title="bbox 587 3523 2624 3608; baseline 0.001 -25"><span class='ocrx_word' id='word_1_204' title='bbox 587 3526 705 3605; x_wconf 90' lang='lat'>(2)</span> <span class='ocrx_word' id='word_1_205' title='bbox 751 3523 988 3585; x_wconf 88' lang='lat' dir='ltr'>Habuit</span> <span class='ocrx_word' id='word_1_206' title='bbox 1048 3525 1396 3586; x_wconf 87' lang='lat' dir='ltr'>Lovanium</span> <span class='ocrx_word' id='word_1_207' title='bbox 1455 3526 1726 3606; x_wconf 84' lang='lat' dir='ltr'>primum</span> <span class='ocrx_word' id='word_1_208' title='bbox 1776 3525 1854 3585; x_wconf 91' lang='lat' dir='ltr'>de</span> <span class='ocrx_word' id='word_1_209' title='bbox 1899 3526 2030 3608; x_wconf 86' lang='lat' dir='ltr'>jure</span> <span class='ocrx_word' id='word_1_210' title='bbox 2079 3528 2382 3587; x_wconf 79' lang='lat' dir='ltr'>canonico</span> <span class='ocrx_word' id='word_1_211' title='bbox 2454 3526 2624 3586; x_wconf 84' lang='lat' dir='ltr'>inter</span> 
     </span>
     <span class='ocr_line' id='line_1_28' title="bbox 503 3624 2615 3715; baseline 0.003 -30"><span class='ocrx_word' id='word_1_212' title='bbox 503 3624 863 3689; x_wconf 77' lang='lat' dir='ltr'>catholicos&#39;</span> <span class='ocrx_word' id='word_1_213' title='bbox 908 3639 1224 3689; x_wconf 83' lang='lat' dir='ltr'>auctorem</span> <span class='ocrx_word' id='word_1_214' title='bbox 1302 3629 1690 3689; x_wconf 84' lang='lat' dir='ltr'>Bernardum</span> <span class='ocrx_word' id='word_1_215' title='bbox 1752 3630 1890 3692; x_wconf 85' lang='lat' dir='ltr'>Van</span> <span class='ocrx_word' id='word_1_216' title='bbox 1958 3629 2167 3714; x_wconf 87' lang='lat' dir='ltr'>Espen</span> <span class='ocrx_word' id='word_1_217' title='bbox 2211 3632 2332 3712; x_wconf 87' lang='lat' dir='ltr'>(m.</span> <span class='ocrx_word' id='word_1_218' title='bbox 2383 3629 2541 3715; x_wconf 80' lang='lat'>1728</span> <span class='ocrx_word' id='word_1_219' title='bbox 2565 3635 2615 3711; x_wconf 64' lang='lat'>2.</span> 
     </span>
     <span class='ocr_line' id='line_1_29' title="bbox 509 3727 2355 3817; baseline 0.005 -25"><span class='ocrx_word' id='word_1_220' title='bbox 509 3735 733 3793; x_wconf 75' lang='lat' dir='ltr'>Camus</span> <span class='ocrx_word' id='word_1_221' title='bbox 762 3781 780 3811; x_wconf 89' lang='lat'>‚</span> <span class='ocrx_word' id='word_1_222' title='bbox 830 3756 897 3799; x_wconf 89' lang='lat' dir='ltr'>n.</span> <span class='ocrx_word' id='word_1_223' title='bbox 959 3734 1135 3817; x_wconf 86' lang='lat'>1295.</span> <span class='ocrx_word' id='word_1_224' title='bbox 2340 3727 2355 3733; x_wconf 39' lang='lat'><strong><em>³</em></strong></span> 
     </span>
    </p>
   </div>
   <div class='ocr_carea' id='block_1_5' title="bbox 584 3860 2339 3951">
    <p class='ocr_par' dir='ltr' id='par_1_8' title="bbox 584 3860 2339 3951">
     <span class='ocr_line' id='line_1_30' title="bbox 584 3860 2339 3951; baseline 0.006 -31"><span class='ocrx_word' id='word_1_225' title='bbox 584 3862 707 3943; x_wconf 88' lang='grc'>(3)</span> <span class='ocrx_word' id='word_1_226' title='bbox 751 3861 915 3923; x_wconf 89' lang='lat' dir='ltr'>Vide</span> <span class='ocrx_word' id='word_1_227' title='bbox 962 3864 1228 3938; x_wconf 69' lang='lat' dir='ltr'>Cumas,</span> <span class='ocrx_word' id='word_1_228' title='bbox 1277 3862 1354 3922; x_wconf 87' lang='lat' dir='ltr'>T.</span> <span class='ocrx_word' id='word_1_229' title='bbox 1402 3860 1503 3939; x_wconf 87' lang='lat'>11,</span> <span class='ocrx_word' id='word_1_230' title='bbox 1549 3886 1611 3946; x_wconf 88' lang='lat' dir='ltr'>p.</span> <span class='ocrx_word' id='word_1_231' title='bbox 1655 3861 1815 3947; x_wconf 77' lang='grc'>347,</span> <span class='ocrx_word' id='word_1_232' title='bbox 1857 3886 1918 3925; x_wconf 90' lang='lat' dir='ltr'>n.</span> <span class='ocrx_word' id='word_1_233' title='bbox 1968 3867 2339 3951; x_wconf 81' lang='lat'>1289-1311.</span> 
     </span>
    </p>
   </div>
   <div class='ocr_carea' id='block_1_6' title="bbox 495 3988 2623 4178">
    <p class='ocr_par' dir='ltr' id='par_1_9' title="bbox 495 3988 2623 4178">
     <span class='ocr_line' id='line_1_31' title="bbox 581 3988 2623 4082; baseline 0.004 -30"><span class='ocrx_word' id='word_1_234' title='bbox 581 3989 697 4073; x_wconf 89' lang='grc'>(4)</span> <span class='ocrx_word' id='word_1_235' title='bbox 742 3991 950 4074; x_wconf 86' lang='lat' dir='ltr'>Opera</span> <span class='ocrx_word' id='word_1_236' title='bbox 996 3994 1181 4075; x_wconf 87' lang='lat' dir='ltr'>ejus‚·</span> <span class='ocrx_word' id='word_1_237' title='bbox 1224 3993 1449 4074; x_wconf 79' lang='lat' dir='ltr'>saepius</span> <span class='ocrx_word' id='word_1_238' title='bbox 1517 3992 1679 4054; x_wconf 81' lang='lat' dir='ltr'>edita</span> <span class='ocrx_word' id='word_1_239' title='bbox 1728 3993 2034 4058; x_wconf 79' lang='lat' dir='ltr'>Bruxellis</span> <span class='ocrx_word' id='word_1_240' title='bbox 2066 4044 2084 4074; x_wconf 88' lang='lat'><strong>,</strong></span> <span class='ocrx_word' id='word_1_241' title='bbox 2148 3988 2345 4061; x_wconf 83' lang='lat' dir='ltr'>veluti</span> <span class='ocrx_word' id='word_1_242' title='bbox 2421 4017 2623 4082; x_wconf 81' lang='lat'><strong>1700,</strong></span> 
     </span>
     <span class='ocr_line' id='line_1_32' title="bbox 495 4097 1745 4178; baseline 0.001 -18"><span class='ocrx_word' id='word_1_243' title='bbox 495 4099 811 4160; x_wconf 81' lang='lat' dir='ltr'>eruditum</span> <span class='ocrx_word' id='word_1_244' title='bbox 862 4097 1372 4178; x_wconf 77' lang='lat' dir='ltr'>jurisconsultum</span> <span class='ocrx_word' id='word_1_245' title='bbox 1415 4109 1745 4168; x_wconf 75' lang='lat' dir='ltr'>testantur.</span> 
     </span>
    </p>
   </div>
  </div>
 </body>
</html>
