2893 4778
509 264 656 345 586
844 281 1359 346 contuenti-Anu
1410 291 1612 339 smus
1664 290 1949 342 nomm
1996 296 2315 347 rntvrrr.

507 437 591 481 ex
630 417 792 501 justa
838 436 1023 481 causa
1067 425 1134 480 et
1178 412 1357 485 bona.
1391 410 1520 480 fide
1560 438 1635 481 ea
1687 428 1912 483 nactus
1956 431 2110 486 esset
2135 437 2167 502 ,³
2199 423 2460 514 propria
2500 424 2585 492 fie
2610 467 2637 480 »-

499 505 656 594 ⁹rent
701 530 768 612 (ι
792 532 836 613 ).

500 711 508 720 ,
600 641 771 707 Huic
829 638 1078 729 vulgari
1130 639 1309 733 longi
1371 643 1673 734 temporis
1744 648 2208 737 praescriptioni
2268 648 2461 717 aliam
2511 654 2625 721 hic

503 731 856 848 ’imperator
921 753 1171 821 addidit
1219 759 1342 840 (2)
1380 806 1397 834 ‚
1460 779 1604 846 quae
1658 754 2013 849 longissimi
2068 767 2368 856 temporis
2421 792 2625 858 praes—
2684 765 2689 776 '

512 871 745 962 criptio
792 869 1005 937 vocari
1063 865 1259 948 solet,
1310 882 1376 935 et
1429 893 1580 935 eum
1630 870 1964 939 dominum
2008 874 2274 957 reddit,
2330 881 2442 970 qui
2486 906 2627 950 rem

507 986 641 1052 sive
688 982 994 1049 mobilem
1035 984 1164 1050 sive
1215 981 1332 1048 soli
1366 1033 1384 1062 ,
1448 1007 1595 1075 quae
1648 984 1970 1052 ordinaria
2017 993 2492 1083 praescriptione
2538 998 2626 1062 ob

514 1096 778 1191 aliquod
824 1095 1353 1188 impedimentum
1395 1120 1532 1163 non
1572 1111 1823 1189 poterat
1864 1101 2111 1191 acquiri
2141 1156 2158 1184 ‚
2202 1129 2318 1196 per
2356 1109 2625 1198 triginta
2686 1147 2691 1152 ’

501 1211 617 1294 ‚vel
660 1209 1087 1303 quadraginta
1116 1235 1311 1278 annos
1339 1211 1510 1277 bona
1537 1209 1715 1295 fide,
1738 1210 1888 1280 licet
1919 1215 2154 1308 absque
2198 1222 2365 1306 justa
2401 1247 2586 1289 causa
2606 1275 2628 1309 ,

510 1324 805 1419 possedit.

606 1438 756 1528 Qua
786 1437 865 1505 de
911 1436 1180 1506 dominii
1207 1442 1620 1531 acquisitione
1663 1467 1813 1510 cum
1854 1445 2008 1530 juris
2034 1461 2348 1541 praecepta
2380 1464 2445 1519 et
2475 1454 2626 1546 plu·-

505 1557 682 1638 ‚rima
737 1557 865 1620 sint
920 1567 984 1620 et
1040 1553 1449 1638 difficiliora,
1520 1563 1912 1626 accuratiore
1968 1563 2413 1654 explanatione
2465 1594 2627 1663 opus

518 1681 663 1748 est3
710 1691 908 1757 quam
952 1671 1238 1759 sequenti
1292 1669 1515 1756 ordine
1560 1698 2041 1765 proponemuS,
2092 1691 2166 1744 ut
2216 1684 2497 1771 primum
2546 1684 2629 1753 de

519 1779 861 1852 ordinariae
916 1785 1406 1874 praescriptionis
1454 1786 1927 1856 conditionibus
1962 1793 2279 1883 requisitis
2329 1795 2631 1888 dispicia—

519 1917 701 1972 mm,
734 1890 963 1959 deinde
1006 1893 1083 1959 de
1127 1894 1481 1988 longissimi
1503 1903 1799 1991 temporis
1840 1904 2327 1995 praescriptionis
2362 1925 2591 1979 natura
2606 1965 2628 1997 ,

519 2007 793 2096 denique
830 2004 910 2073 de
948 2009 1176 2076 effectu
1211 2021 1275 2076 et
1316 2012 1777 2105 interruptione
1817 2019 2164 2110 utriusque.

518 2196 549 2282 §
597 2173 682 2263 Π.
736 2195 907 2287 Quoe
948 2220 1056 2263 res
1103 2205 1375 2292 usucapi
1411 2171 1539 2268 ‘vel
1570 2201 1759 2295 longi
1784 2213 2094 2298 temporis·
2124 2218 2624 2306 proescnptione

1032 2320 1287 2406 acquiri
1318 2334 1599 2409 possunt
1649 2321 1772 2387 vel
1811 2348 1948 2392 non
1994 2325 2121 2414 (3).

628 2479 778 2565 245.
826 2480 1067 2549 Omnes
1104 2508 1237 2565 res,
1279 2510 1421 2578 quoe
1453 2490 1520 2553 in
1563 2491 1964 2579 privatorum
2003 2494 2288 2565 dominio
2322 2523 2448 2566 esse
2474 2521 2627 2594 pos-—

519 2607 670 2664 sunt
688 2646 723 2676 ‚.
752 2599 1202 2688 usucapionem
1244 2614 1308 2665 et
1339 2600 1514 2692 longi
1547 2608 1848 2697 temporis
1874 2613 2412 2703 praescriptionem
2455 2619 2625 2684 rcci-

519 2711 711 2800 piunt
734 2737 751 2793 3
774 2722 1002 2801 praeter
1019 2735 1121 2777 eas
1143 2766 1158 2793 ,
1180 2738 1322 2805 quae
1346 2718 1653 2809 singulari
1670 2725 1826 2809 juris
1843 2727 2162 2793 sanctione
2180 2733 2588 2822 excipiuntur
2604 2785 2624 2815 ‚

517 2823 655 2889 sive
727 2823 811 2888 ob
862 2822 1187 2915 publicam
1216 2828 1590 2911 utilitatem,
1652 2835 1786 2901 sive
1825 2839 1895 2901 in
1959 2839 2240 2908 favorem
2294 2849 2427 2930 ejus
2455 2898 2473 2925 ‚
2539 2847 2620 2914 ad

519 2956 717 3025 quem
763 2938 1109 3026 pertinent.
1166 2940 1327 3021 Res,
1367 2967 1509 3033 quae
1555 2960 1737 3013 extra
1775 2957 2227 3021 commercium
2258 2957 2577 3026 habentur
2591 3013 2615 3045 ‚

517 3060 584 3114 et
625 3072 722 3114 res
752 3050 1175 3142 incorporales
1204 3105 1221 3136 ‚
1266 3079 1385 3122 nec
1428 3058 1555 3124 hoc
1602 3062 1798 3130 modo
1843 3068 2088 3158 acquiri
2138 3095 2359 3162 posse,
2404 3098 2487 3138 ex
2541 3099 2619 3141 eo

517 3165 854 3253 sequitur,
900 3164 1076 3256 quod
1118 3166 1293 3234 nullo
1340 3171 1533 3238 modo
1581 3176 1650 3240 in
1696 3177 2099 3269 singulorum
2155 3182 2440 3254 dominio
2495 3211 2620 3254 esse

516 3288 776 3367 possunt
816 3272 942 3362 (ιιο.
982 3277 1105 3363 64,
1153 3295 1256 3346 ιιο.
1292 3291 1488 3367 202).

513 3450 2624 3493 mm*—

595 3546 688 3627 (1)
718 3546 1133 3630 Usucapionis
1153 3552 1415 3614 verbum
1434 3554 1623 3617 hodie
1649 3559 1839 3642 vulgo
1867 3563 1934 3622 in
1957 3563 2140 3626 rebus
2164 3566 2501 3631 mobilibus
2518 3571 2623 3636 ad·

517 3652 725 3714 hiberi
753 3653 943 3730 solet3
975 3653 1148 3739 longi
1176 3663 1472 3740 tempotis
1493 3669 1875 3749 praescriptio
1898 3669 1963 3730 in
1987 3672 2236 3752 praediis
2254 3689 2611 3758 usurpatur.

596 3761 711 3843 (2)
757 3762 827 3822 L.
860 3762 899 3824 8
928 3761 957 3844 ᾗ
1008 3784 1030 3823 1
1062 3811 1079 3840 ‚
1111 3765 1181 3826 C.
1227 3788 1261 3848 7
1292 3814 1307 3841 ‚
1340 3769 1418 3850 39
1452 3817 1469 3844 ,
1506 3771 1656 3850 (tit.
1698 3776 1803 3834 cit.
1835 3777 1902 3855 )3
1966 3777 2420 3841 Unterlzolzner
2453 3783 2482 3864 §
2520 3784 2621 3846 62.

598 3869 708 3949 (3)
751 3870 845 3930 De
884 3871 1066 3932 Retes
1088 3873 1167 3932 ad
1190 3872 1395 3956 leges5
1438 3879 1668 3958 quibus
1699 3880 2018 3963 prohibita
2058 3897 2150 3946 est
2190 3880 2526 3970 usucapi03
2556 3893 2623 3951 in

514 3973 835 4040 Thesauro
871 3979 1121 4042 Meerm.
1149 3981 1228 4044 T.
1260 3980 1347 4043 VI
1369 4030 1387 4062 ,
1419 4007 1482 4067 p.
1508 3984 1664 4071 4713
1705 3991 1998 4074 Majansii
2048 3995 2297 4081 Disput.
2341 3995 2422 4061 65
2449 4045 2471 4079 ,
2515 3998 2624 4063 66..
