<?xml version="1.0" encoding="UTF-8"?>
<!DOCTYPE html PUBLIC "-//W3C//DTD XHTML 1.0 Transitional//EN"
    "http://www.w3.org/TR/xhtml1/DTD/xhtml1-transitional.dtd">
<html xmlns="http://www.w3.org/1999/xhtml" xml:lang="en" lang="en">
 <head>
  <title>
</title>
<meta http-equiv="Content-Type" content="text/html;charset=utf-8" />
  <meta name='ocr-system' content='tesseract 3.04.00' />
  <meta name='ocr-capabilities' content='ocr_page ocr_carea ocr_par ocr_line ocrx_word'/>
</head>
<body>
  <div class='ocr_page' id='page_1' title='image "./commentariijuri00warngoog/commentariijuri00warngoog_0018.png"; bbox 0 0 2893 4778; ppageno 0'>
   <div class='ocr_carea' id='block_1_1' title="bbox 487 334 1893 421">
    <p class='ocr_par' dir='ltr' id='par_1_1' title="bbox 487 334 1893 421">
     <span class='ocr_line' id='line_1_1' title="bbox 487 334 1893 421; baseline -0.005 -14"><span class='ocrx_word' id='word_1_1' title='bbox 487 334 639 421; x_wconf 58' lang='lat' dir='ltr'>‚xiv</span> <span class='ocrx_word' id='word_1_2' title='bbox 1304 347 1656 403; x_wconf 76' lang='lat' dir='ltr'><strong><em>PRAEFA</em></strong></span> <span class='ocrx_word' id='word_1_3' title='bbox 1684 348 1796 401; x_wconf 82' lang='lat' dir='ltr'>TI</span> <span class='ocrx_word' id='word_1_4' title='bbox 1814 348 1893 404; x_wconf 86' lang='lat' dir='ltr'>o.</span> 
     </span>
    </p>
   </div>
   <div class='ocr_carea' id='block_1_2' title="bbox 518 471 2640 701">
    <p class='ocr_par' dir='ltr' id='par_1_2' title="bbox 518 471 2640 701">
     <span class='ocr_line' id='line_1_2' title="bbox 518 471 2640 579; baseline 0 -25"><span class='ocrx_word' id='word_1_5' title='bbox 518 479 789 555; x_wconf 87' lang='lat' dir='ltr'>librum</span> <span class='ocrx_word' id='word_1_6' title='bbox 812 475 1176 552; x_wconf 82' lang='lat' dir='ltr'><strong>traderem</strong></span> <span class='ocrx_word' id='word_1_7' title='bbox 1195 530 1216 563; x_wconf 90' lang='lat'><strong><em>,</em></strong></span> <span class='ocrx_word' id='word_1_8' title='bbox 1262 476 1393 576; x_wconf 88' lang='lat' dir='ltr'>qui</span> <span class='ocrx_word' id='word_1_9' title='bbox 1417 471 1724 549; x_wconf 87' lang='lat' dir='ltr'>arduam</span> <span class='ocrx_word' id='word_1_10' title='bbox 1759 475 1851 550; x_wconf 89' lang='lat' dir='ltr'>ad</span> <span class='ocrx_word' id='word_1_11' title='bbox 1875 474 2437 578; x_wconf 81' lang='lat' dir='ltr'>profundiorem</span> <span class='ocrx_word' id='word_1_12' title='bbox 2467 477 2640 579; x_wconf 84' lang='lat' dir='ltr'>juris</span> 
     </span>
     <span class='ocr_line' id='line_1_3' title="bbox 519 597 2433 701; baseline 0 -26"><span class='ocrx_word' id='word_1_13' title='bbox 519 602 810 676; x_wconf 85' lang='lat' dir='ltr'>romani</span> <span class='ocrx_word' id='word_1_14' title='bbox 851 599 1350 701; x_wconf 82' lang='lat' dir='ltr'>cognitionem</span> <span class='ocrx_word' id='word_1_15' title='bbox 1386 598 1578 672; x_wconf 82' lang='lat' dir='ltr'>viam</span> <span class='ocrx_word' id='word_1_16' title='bbox 1607 597 2016 673; x_wconf 77' lang='lat' dir='ltr'>faciliorem</span> <span class='ocrx_word' id='word_1_17' title='bbox 2056 598 2433 675; x_wconf 87' lang='lat' dir='ltr'>redderet.</span> 
     </span>
    </p>
   </div>
   <div class='ocr_carea' id='block_1_3' title="bbox 470 776 2645 1392">
    <p class='ocr_par' dir='ltr' id='par_1_3' title="bbox 470 776 2645 1392">
     <span class='ocr_line' id='line_1_4' title="bbox 608 776 2645 901; baseline -0 -27"><span class='ocrx_word' id='word_1_18' title='bbox 608 778 1049 901; x_wconf 82' lang='lat' dir='ltr'>Gratissimo</span> <span class='ocrx_word' id='word_1_19' title='bbox 1098 796 1324 896; x_wconf 82' lang='lat' dir='ltr'>igitur</span> <span class='ocrx_word' id='word_1_20' title='bbox 1371 776 2066 879; x_wconf 84' lang='lat' dir='ltr'>animodoctorum</span> <span class='ocrx_word' id='word_1_21' title='bbox 2098 801 2423 887; x_wconf 88' lang='lat' dir='ltr'>virorum</span> <span class='ocrx_word' id='word_1_22' title='bbox 2459 825 2645 882; x_wconf 53' lang='lat' dir='ltr'>‚con-</span> 
     </span>
     <span class='ocr_line' id='line_1_5' title="bbox 517 902 2645 1023; baseline -0 -25"><span class='ocrx_word' id='word_1_23' title='bbox 517 922 685 998; x_wconf 70' lang='lat' dir='ltr'>silia</span> <span class='ocrx_word' id='word_1_24' title='bbox 755 937 826 994; x_wconf 87' lang='lat' dir='ltr'>et</span> <span class='ocrx_word' id='word_1_25' title='bbox 886 918 1382 994; x_wconf 86' lang='lat' dir='ltr'>correctiones</span> <span class='ocrx_word' id='word_1_26' title='bbox 1441 902 1800 1019; x_wconf 84' lang='lat' dir='ltr'>accipiam</span> <span class='ocrx_word' id='word_1_27' title='bbox 1842 976 1864 1008; x_wconf 87' lang='lat'>‚</span> <span class='ocrx_word' id='word_1_28' title='bbox 1946 947 2210 1023; x_wconf 86' lang='lat' dir='ltr'>easque</span> <span class='ocrx_word' id='word_1_29' title='bbox 2268 924 2348 995; x_wconf 89' lang='lat' dir='ltr'>in</span> <span class='ocrx_word' id='word_1_30' title='bbox 2419 921 2645 997; x_wconf 83' lang='lat' dir='ltr'>altera</span> 
     </span>
     <span class='ocr_line' id='line_1_6' title="bbox 528 1038 2643 1147; baseline 0 -30"><span class='ocrx_word' id='word_1_31' title='bbox 528 1072 694 1147; x_wconf 82' lang='lat' dir='ltr'>quae</span> <span class='ocrx_word' id='word_1_32' title='bbox 753 1043 1059 1118; x_wconf 82' lang='lat' dir='ltr'>forsitan</span> <span class='ocrx_word' id='word_1_33' title='bbox 1107 1055 1213 1114; x_wconf 89' lang='lat' dir='ltr'>est</span> <span class='ocrx_word' id='word_1_34' title='bbox 1266 1038 1660 1140; x_wconf 86' lang='lat' dir='ltr'>aliquando</span> <span class='ocrx_word' id='word_1_35' title='bbox 1703 1041 2129 1147; x_wconf 75' lang='lat' dir='ltr'>proditura,</span> <span class='ocrx_word' id='word_1_36' title='bbox 2195 1043 2410 1143; x_wconf 89' lang='lat' dir='ltr'>hujus</span> <span class='ocrx_word' id='word_1_37' title='bbox 2470 1042 2643 1118; x_wconf 91' lang='lat' dir='ltr'>libri</span> 
     </span>
     <span class='ocr_line' id='line_1_7' title="bbox 523 1156 2644 1263; baseline -0.001 -22"><span class='ocrx_word' id='word_1_38' title='bbox 523 1167 847 1242; x_wconf 70' lang='lat' dir='ltr'>‘editione</span> <span class='ocrx_word' id='word_1_39' title='bbox 873 1221 893 1254; x_wconf 93' lang='lat'><strong><em>,</em></strong></span> <span class='ocrx_word' id='word_1_40' title='bbox 945 1167 1005 1238; x_wconf 93' lang='lat' dir='ltr'>si</span> <span class='ocrx_word' id='word_1_41' title='bbox 1047 1164 1249 1263; x_wconf 83' lang='lat' dir='ltr'>justae</span> <span class='ocrx_word' id='word_1_42' title='bbox 1286 1161 1475 1237; x_wconf 89' lang='lat' dir='ltr'>mihi</span> <span class='ocrx_word' id='word_1_43' title='bbox 1515 1160 1999 1256; x_wconf 84' lang='lat' dir='ltr'>videbuntur,</span> <span class='ocrx_word' id='word_1_44' title='bbox 2060 1193 2179 1242; x_wconf 92' lang='lat' dir='ltr'>me</span> <span class='ocrx_word' id='word_1_45' title='bbox 2221 1156 2644 1243; x_wconf 87' lang='lat' dir='ltr'>secuturum</span> 
     </span>
     <span class='ocr_line' id='line_1_8' title="bbox 470 1271 2493 1392; baseline -0.004 -27"><span class='ocrx_word' id='word_1_46' title='bbox 470 1322 486 1375; x_wconf 69' lang='lat' dir='ltr'><em>j</em></span> <span class='ocrx_word' id='word_1_47' title='bbox 526 1316 680 1365; x_wconf 90' lang='lat' dir='ltr'>esse</span> <span class='ocrx_word' id='word_1_48' title='bbox 734 1289 1116 1392; x_wconf 83' lang='lat' dir='ltr'>promittO.</span> <span class='ocrx_word' id='word_1_49' title='bbox 1311 1271 1320 1277; x_wconf 44' lang='lat'><em>⁶</em></span> <span class='ocrx_word' id='word_1_50' title='bbox 2491 1301 2493 1307; x_wconf 80' lang='grc'>’</span> 
     </span>
    </p>
   </div>
   <div class='ocr_carea' id='block_1_4' title="bbox 512 1483 2710 2444">
    <p class='ocr_par' dir='ltr' id='par_1_4' title="bbox 512 1483 2710 2444">
     <span class='ocr_line' id='line_1_9' title="bbox 554 1483 2649 1603; baseline -0.001 -41"><span class='ocrx_word' id='word_1_51' title='bbox 554 1512 569 1541; x_wconf 64' lang='lat' dir='ltr'><em>s</em></span> <span class='ocrx_word' id='word_1_52' title='bbox 649 1485 995 1562; x_wconf 86' lang='lat' dir='ltr'>Ceterum</span> <span class='ocrx_word' id='word_1_53' title='bbox 1032 1540 1053 1572; x_wconf 92' lang='lat'><strong><em>,</em></strong></span> <span class='ocrx_word' id='word_1_54' title='bbox 1147 1511 1318 1559; x_wconf 89' lang='lat' dir='ltr'>cum</span> <span class='ocrx_word' id='word_1_55' title='bbox 1383 1486 1648 1560; x_wconf 84' lang='lat' dir='ltr'>nostris</span> <span class='ocrx_word' id='word_1_56' title='bbox 1717 1483 2173 1603; x_wconf 78' lang='lat' dir='ltr'>temporibus</span> <span class='ocrx_word' id='word_1_57' title='bbox 2249 1510 2364 1560; x_wconf 88' lang='lat' dir='ltr'>res</span> <span class='ocrx_word' id='word_1_58' title='bbox 2438 1495 2649 1561; x_wconf 73' lang='lat' dir='ltr'>novae</span> 
     </span>
     <span class='ocr_line' id='line_1_10' title="bbox 527 1604 2652 1710; baseline -0.002 -26"><span class='ocrx_word' id='word_1_59' title='bbox 527 1607 785 1710; x_wconf 83' lang='lat' dir='ltr'>rapide</span> <span class='ocrx_word' id='word_1_60' title='bbox 843 1607 983 1681; x_wconf 89' lang='lat' dir='ltr'>sibi</span> <span class='ocrx_word' id='word_1_61' title='bbox 1040 1605 1489 1696; x_wconf 86' lang='lat' dir='ltr'>succedant,</span> <span class='ocrx_word' id='word_1_62' title='bbox 1545 1608 1832 1682; x_wconf 51' lang='lat' dir='ltr'>¹factmn</span> <span class='ocrx_word' id='word_1_63' title='bbox 1907 1622 2011 1680; x_wconf 90' lang='lat' dir='ltr'>est</span> <span class='ocrx_word' id='word_1_64' title='bbox 2066 1622 2187 1701; x_wconf 85' lang='lat' dir='ltr'>ut,</span> <span class='ocrx_word' id='word_1_65' title='bbox 2262 1604 2450 1699; x_wconf 88' lang='lat' dir='ltr'>dum</span> <span class='ocrx_word' id='word_1_66' title='bbox 2495 1609 2652 1681; x_wconf 88' lang='lat' dir='ltr'>sin-</span> 
     </span>
     <span class='ocr_line' id='line_1_11' title="bbox 531 1726 2653 1832; baseline -0 -29"><span class='ocrx_word' id='word_1_67' title='bbox 531 1728 720 1831; x_wconf 82' lang='lat' dir='ltr'>gulae</span> <span class='ocrx_word' id='word_1_68' title='bbox 758 1728 969 1828; x_wconf 86' lang='lat' dir='ltr'>hujus</span> <span class='ocrx_word' id='word_1_69' title='bbox 1011 1727 1182 1802; x_wconf 87' lang='lat' dir='ltr'>libri</span> <span class='ocrx_word' id='word_1_70' title='bbox 1236 1744 1479 1830; x_wconf 82' lang='lat' dir='ltr'>partes</span> <span class='ocrx_word' id='word_1_71' title='bbox 1531 1727 1668 1806; x_wconf 89' lang='lat' dir='ltr'>sub</span> <span class='ocrx_word' id='word_1_72' title='bbox 1713 1728 1923 1832; x_wconf 89' lang='lat' dir='ltr'>prelo</span> <span class='ocrx_word' id='word_1_73' title='bbox 1979 1745 2182 1811; x_wconf 81' lang='lat' dir='ltr'>erant</span> <span class='ocrx_word' id='word_1_74' title='bbox 2220 1785 2241 1815; x_wconf 93' lang='lat'><strong><em>,</em></strong></span> <span class='ocrx_word' id='word_1_75' title='bbox 2323 1726 2653 1832; x_wconf 84' lang='lat' dir='ltr'>plurima</span> 
     </span>
     <span class='ocr_line' id='line_1_12' title="bbox 533 1849 2652 1954; baseline 0 -29"><span class='ocrx_word' id='word_1_76' title='bbox 533 1852 628 1926; x_wconf 89' lang='lat' dir='ltr'>de</span> <span class='ocrx_word' id='word_1_77' title='bbox 686 1853 844 1952; x_wconf 89' lang='lat' dir='ltr'>jure</span> <span class='ocrx_word' id='word_1_78' title='bbox 891 1877 1199 1924; x_wconf 89' lang='lat' dir='ltr'>romano</span> <span class='ocrx_word' id='word_1_79' title='bbox 1238 1853 1507 1954; x_wconf 84' lang='lat' dir='ltr'>scripta</span> <span class='ocrx_word' id='word_1_80' title='bbox 1560 1851 2049 1952; x_wconf 81' lang='lat' dir='ltr'>vulgarentur.</span> <span class='ocrx_word' id='word_1_81' title='bbox 2093 1851 2255 1924; x_wconf 89' lang='lat' dir='ltr'>Hac</span> <span class='ocrx_word' id='word_1_82' title='bbox 2305 1849 2399 1926; x_wconf 92' lang='lat' dir='ltr'>de</span> <span class='ocrx_word' id='word_1_83' title='bbox 2432 1876 2652 1926; x_wconf 86' lang='lat' dir='ltr'>causa</span> 
     </span>
     <span class='ocr_line' id='line_1_13' title="bbox 512 1972 2652 2074; baseline -0.001 -25"><span class='ocrx_word' id='word_1_84' title='bbox 512 1976 758 2049; x_wconf 40' lang='lat' dir='ltr'>*varias</span> <span class='ocrx_word' id='word_1_85' title='bbox 803 1973 1346 2048; x_wconf 85' lang='lat' dir='ltr'>emendationes</span> <span class='ocrx_word' id='word_1_86' title='bbox 1414 1989 1486 2048; x_wconf 87' lang='lat' dir='ltr'>et</span> <span class='ocrx_word' id='word_1_87' title='bbox 1540 1973 2033 2049; x_wconf 87' lang='lat' dir='ltr'>additamenta</span> <span class='ocrx_word' id='word_1_88' title='bbox 2087 1972 2368 2074; x_wconf 89' lang='lat' dir='ltr'>adjeci,</span> <span class='ocrx_word' id='word_1_89' title='bbox 2413 1976 2652 2049; x_wconf 87' lang='lat' dir='ltr'>varia-</span> 
     </span>
     <span class='ocr_line' id='line_1_14' title="bbox 524 2095 2710 2201; baseline 0.002 -31"><span class='ocrx_word' id='word_1_90' title='bbox 524 2112 681 2200; x_wconf 68' lang='lat' dir='ltr'>‘que</span> <span class='ocrx_word' id='word_1_91' title='bbox 706 2099 874 2172; x_wconf 86' lang='lat' dir='ltr'>vitia</span> <span class='ocrx_word' id='word_1_92' title='bbox 892 2095 1427 2199; x_wconf 81' lang='lat' dir='ltr'>typographica</span> <span class='ocrx_word' id='word_1_93' title='bbox 1453 2155 1471 2186; x_wconf 94' lang='lat'><em>‚</em></span> <span class='ocrx_word' id='word_1_94' title='bbox 1505 2125 1670 2200; x_wconf 83' lang='lat' dir='ltr'>quae</span> <span class='ocrx_word' id='word_1_95' title='bbox 1701 2101 2035 2201; x_wconf 89' lang='lat' dir='ltr'>priorem</span> <span class='ocrx_word' id='word_1_96' title='bbox 2075 2098 2327 2199; x_wconf 90' lang='lat' dir='ltr'>operis</span> <span class='ocrx_word' id='word_1_97' title='bbox 2356 2110 2649 2199; x_wconf 86' lang='lat' dir='ltr'>partem</span> <span class='ocrx_word' id='word_1_98' title='bbox 2709 2170 2710 2175; x_wconf 75' lang='grc'>,</span> 
     </span>
     <span class='ocr_line' id='line_1_15' title="bbox 533 2216 2651 2322; baseline -0.001 -28"><span class='ocrx_word' id='word_1_99' title='bbox 533 2242 970 2322; x_wconf 83' lang='lat' dir='ltr'>percurrens</span> <span class='ocrx_word' id='word_1_100' title='bbox 1018 2216 1475 2309; x_wconf 84' lang='lat' dir='ltr'>detexeram,</span> <span class='ocrx_word' id='word_1_101' title='bbox 1523 2223 1812 2319; x_wconf 82' lang='lat' dir='ltr'>notavi3</span> <span class='ocrx_word' id='word_1_102' title='bbox 1853 2222 2109 2321; x_wconf 81' lang='lat' dir='ltr'>siquae</span> <span class='ocrx_word' id='word_1_103' title='bbox 2154 2220 2290 2294; x_wconf 91' lang='lat' dir='ltr'>alia</span> <span class='ocrx_word' id='word_1_104' title='bbox 2332 2220 2651 2294; x_wconf 87' lang='lat' dir='ltr'>inveniat</span> 
     </span>
     <span class='ocr_line' id='line_1_16' title="bbox 533 2340 2644 2444; baseline -0.002 -25"><span class='ocrx_word' id='word_1_105' title='bbox 533 2342 929 2420; x_wconf 80' lang='lat' dir='ltr'>benevolus</span> <span class='ocrx_word' id='word_1_106' title='bbox 950 2340 1187 2417; x_wconf 84' lang='lat' dir='ltr'>lector</span> <span class='ocrx_word' id='word_1_107' title='bbox 1207 2398 1229 2432; x_wconf 89' lang='lat'>‚</span> <span class='ocrx_word' id='word_1_108' title='bbox 1257 2368 1341 2418; x_wconf 88' lang='lat' dir='ltr'>ea</span> <span class='ocrx_word' id='word_1_109' title='bbox 1364 2344 1657 2418; x_wconf 88' lang='lat' dir='ltr'>mecum</span> <span class='ocrx_word' id='word_1_110' title='bbox 1676 2345 2170 2441; x_wconf 86' lang='lat' dir='ltr'>communicet</span> <span class='ocrx_word' id='word_1_111' title='bbox 2190 2343 2401 2418; x_wconf 87' lang='lat' dir='ltr'>enixe</span> <span class='ocrx_word' id='word_1_112' title='bbox 2427 2367 2644 2444; x_wconf 73' lang='lat' dir='ltr'>rogo·</span> 
     </span>
    </p>
   </div>
   <div class='ocr_carea' id='block_1_5' title="bbox 527 2535 2660 3791">
    <p class='ocr_par' dir='ltr' id='par_1_5' title="bbox 527 2535 2660 3744">
     <span class='ocr_line' id='line_1_17' title="bbox 634 2535 2652 2639; baseline -0 -27"><span class='ocrx_word' id='word_1_113' title='bbox 634 2536 881 2637; x_wconf 71' lang='lat' dir='ltr'>Quodr</span> <span class='ocrx_word' id='word_1_114' title='bbox 919 2536 1012 2614; x_wconf 83' lang='lat' dir='ltr'>ad</span> <span class='ocrx_word' id='word_1_115' title='bbox 1073 2540 1418 2612; x_wconf 86' lang='lat' dir='ltr'>orationis</span> <span class='ocrx_word' id='word_1_116' title='bbox 1482 2563 1709 2639; x_wconf 86' lang='lat' dir='ltr'>genus</span> <span class='ocrx_word' id='word_1_117' title='bbox 1764 2535 2026 2613; x_wconf 44' lang='lat' dir='ltr'>attinet¹</span> <span class='ocrx_word' id='word_1_118' title='bbox 2073 2565 2224 2639; x_wconf 89' lang='lat' dir='ltr'>quo</span> <span class='ocrx_word' id='word_1_119' title='bbox 2297 2541 2374 2611; x_wconf 93' lang='lat' dir='ltr'>in</span> <span class='ocrx_word' id='word_1_120' title='bbox 2447 2537 2652 2612; x_wconf 84' lang='lat' dir='ltr'>hisce</span> 
     </span>
     <span class='ocr_line' id='line_1_18' title="bbox 537 2658 2648 2762; baseline -0.002 -25"><span class='ocrx_word' id='word_1_121' title='bbox 537 2659 1097 2740; x_wconf 81' lang='lat' dir='ltr'>Commentariis</span> <span class='ocrx_word' id='word_1_122' title='bbox 1144 2658 1549 2735; x_wconf 86' lang='lat' dir='ltr'>scribendis</span> <span class='ocrx_word' id='word_1_123' title='bbox 1595 2687 1766 2750; x_wconf 87' lang='lat' dir='ltr'>usus</span> <span class='ocrx_word' id='word_1_124' title='bbox 1805 2688 2007 2749; x_wconf 89' lang='lat' dir='ltr'>sum,</span> <span class='ocrx_word' id='word_1_125' title='bbox 2048 2688 2165 2734; x_wconf 91' lang='lat' dir='ltr'>me</span> <span class='ocrx_word' id='word_1_126' title='bbox 2199 2660 2648 2762; x_wconf 88' lang='lat' dir='ltr'>simplicitati</span> 
     </span>
     <span class='ocr_line' id='line_1_19' title="bbox 527 2781 2651 2885; baseline 0 -30"><span class='ocrx_word' id='word_1_127' title='bbox 527 2784 942 2885; x_wconf 24' lang='lat' dir='ltr'>‘praesertim</span> <span class='ocrx_word' id='word_1_128' title='bbox 980 2781 1333 2882; x_wconf 85' lang='lat' dir='ltr'>studuisse</span> <span class='ocrx_word' id='word_1_129' title='bbox 1382 2784 1614 2885; x_wconf 88' lang='lat' dir='ltr'>quivis</span> <span class='ocrx_word' id='word_1_130' title='bbox 1674 2782 1884 2858; x_wconf 85' lang='lat' dir='ltr'>facile</span> <span class='ocrx_word' id='word_1_131' title='bbox 1944 2799 2386 2885; x_wconf 80' lang='lat' dir='ltr'>cognoscet3</span> <span class='ocrx_word' id='word_1_132' title='bbox 2459 2781 2651 2857; x_wconf 86' lang='lat' dir='ltr'>hanc</span> 
     </span>
     <span class='ocr_line' id='line_1_20' title="bbox 539 2905 2652 3009; baseline -0.002 -26"><span class='ocrx_word' id='word_1_133' title='bbox 539 2911 739 2984; x_wconf 13' lang='lat' dir='ltr'>‘enim</span> <span class='ocrx_word' id='word_1_134' title='bbox 795 2922 867 2981; x_wconf 87' lang='lat' dir='ltr'>et</span> <span class='ocrx_word' id='word_1_135' title='bbox 910 2905 1284 2981; x_wconf 87' lang='lat' dir='ltr'>definitam</span> <span class='ocrx_word' id='word_1_136' title='bbox 1338 2906 1883 3009; x_wconf 87' lang='lat' dir='ltr'>dilucidamque</span> <span class='ocrx_word' id='word_1_137' title='bbox 1947 2935 2197 2983; x_wconf 83' lang='lat' dir='ltr'>rer-um</span> <span class='ocrx_word' id='word_1_138' title='bbox 2246 2908 2652 3009; x_wconf 85' lang='lat' dir='ltr'>expositio-</span> 
     </span>
     <span class='ocr_line' id='line_1_21' title="bbox 540 3026 2648 3134; baseline -0.001 -30"><span class='ocrx_word' id='word_1_139' title='bbox 540 3054 709 3134; x_wconf 81' lang='lat' dir='ltr'>nem</span> <span class='ocrx_word' id='word_1_140' title='bbox 753 3026 1171 3129; x_wconf 81' lang='lat' dir='ltr'>hujusmodi</span> <span class='ocrx_word' id='word_1_141' title='bbox 1202 3027 1569 3103; x_wconf 86' lang='lat' dir='ltr'>didactico</span> <span class='ocrx_word' id='word_1_142' title='bbox 1623 3028 1817 3104; x_wconf 87' lang='lat' dir='ltr'>libro</span> <span class='ocrx_word' id='word_1_143' title='bbox 1848 3033 2223 3132; x_wconf 81' lang='lat' dir='ltr'>praecipue</span> <span class='ocrx_word' id='word_1_144' title='bbox 2257 3029 2648 3102; x_wconf 84' lang='lat' dir='ltr'>convenire</span> 
     </span>
     <span class='ocr_line' id='line_1_22' title="bbox 536 3150 2655 3255; baseline -0.002 -29"><span class='ocrx_word' id='word_1_145' title='bbox 536 3152 830 3255; x_wconf 81' lang='lat' dir='ltr'>penitus</span> <span class='ocrx_word' id='word_1_146' title='bbox 872 3178 1293 3254; x_wconf 85' lang='lat' dir='ltr'>persuasum</span> <span class='ocrx_word' id='word_1_147' title='bbox 1338 3151 1604 3227; x_wconf 77' lang='lat' dir='ltr'>habeo,</span> <span class='ocrx_word' id='word_1_148' title='bbox 1639 3153 1748 3225; x_wconf 76' lang='lat' dir='ltr'>In·</span> <span class='ocrx_word' id='word_1_149' title='bbox 1777 3151 1918 3225; x_wconf 92' lang='lat' dir='ltr'>hoc</span> <span class='ocrx_word' id='word_1_150' title='bbox 1952 3169 2273 3227; x_wconf 84' lang='lat' dir='ltr'>veterum</span> <span class='ocrx_word' id='word_1_151' title='bbox 2291 3150 2655 3247; x_wconf 75' lang='lat' dir='ltr'>juriscon-</span> 
     </span>
     <span class='ocr_line' id='line_1_23' title="bbox 537 3272 2652 3376; baseline -0.002 -27"><span class='ocrx_word' id='word_1_152' title='bbox 537 3274 898 3349; x_wconf 82' lang='lat' dir='ltr'>sultorum</span> <span class='ocrx_word' id='word_1_153' title='bbox 993 3273 1412 3376; x_wconf 87' lang='lat' dir='ltr'>exemplum</span> <span class='ocrx_word' id='word_1_154' title='bbox 1473 3300 1613 3374; x_wconf 91' lang='lat' dir='ltr'>pro</span> <span class='ocrx_word' id='word_1_155' title='bbox 1688 3272 1960 3349; x_wconf 87' lang='lat' dir='ltr'>viribus</span> <span class='ocrx_word' id='word_1_156' title='bbox 2010 3274 2280 3346; x_wconf 85' lang='lat' dir='ltr'>imitari</span> <span class='ocrx_word' id='word_1_157' title='bbox 2352 3288 2652 3346; x_wconf 86' lang='lat' dir='ltr'>conatus</span> 
     </span>
     <span class='ocr_line' id='line_1_24' title="bbox 543 3394 2650 3506; baseline -0.001 -35"><span class='ocrx_word' id='word_1_158' title='bbox 543 3421 702 3472; x_wconf 89' lang='lat' dir='ltr'>sum</span> <span class='ocrx_word' id='word_1_159' title='bbox 726 3428 747 3486; x_wconf 80' lang='lat'>3</span> <span class='ocrx_word' id='word_1_160' title='bbox 801 3423 1246 3497; x_wconf 82' lang='lat' dir='ltr'>quamquam</span> <span class='ocrx_word' id='word_1_161' title='bbox 1291 3423 1510 3496; x_wconf 77' lang='lat' dir='ltr'>nemo</span> <span class='ocrx_word' id='word_1_162' title='bbox 1570 3422 1692 3469; x_wconf 89' lang='lat' dir='ltr'>me</span> <span class='ocrx_word' id='word_1_163' title='bbox 1737 3394 1993 3506; x_wconf 67' lang='lat' dir='ltr'>melius</span> <span class='ocrx_word' id='word_1_164' title='bbox 2048 3394 2462 3495; x_wconf 81' lang='lat' dir='ltr'>intelligere</span> <span class='ocrx_word' id='word_1_165' title='bbox 2503 3420 2650 3495; x_wconf 91' lang='lat' dir='ltr'>po·-</span> 
     </span>
     <span class='ocr_line' id='line_1_25' title="bbox 534 3516 2660 3624; baseline 0.001 -32"><span class='ocrx_word' id='word_1_166' title='bbox 534 3536 679 3624; x_wconf 69' lang='lat' dir='ltr'>test</span> <span class='ocrx_word' id='word_1_167' title='bbox 702 3575 722 3606; x_wconf 90' lang='lat'><em>,</em></span> <span class='ocrx_word' id='word_1_168' title='bbox 770 3546 990 3620; x_wconf 85' lang='lat' dir='ltr'>quam</span> <span class='ocrx_word' id='word_1_169' title='bbox 1029 3518 1249 3620; x_wconf 75' lang='lat' dir='ltr'>longe</span> <span class='ocrx_word' id='word_1_170' title='bbox 1275 3518 1506 3596; x_wconf 84' lang='lat' dir='ltr'>absim</span> <span class='ocrx_word' id='word_1_171' title='bbox 1544 3518 1637 3595; x_wconf 85' lang='lat' dir='ltr'>ab</span> <span class='ocrx_word' id='word_1_172' title='bbox 1682 3544 1940 3594; x_wconf 86' lang='lat' dir='ltr'>corum</span> <span class='ocrx_word' id='word_1_173' title='bbox 1979 3516 2270 3593; x_wconf 80' lang='lat' dir='ltr'>classica</span> <span class='ocrx_word' id='word_1_174' title='bbox 2295 3516 2660 3619; x_wconf 76' lang='lat' dir='ltr'>elegantia</span> 
     </span>
     <span class='ocr_line' id='line_1_26' title="bbox 546 3643 2180 3744; baseline 0.003 -27"><span class='ocrx_word' id='word_1_175' title='bbox 546 3657 619 3717; x_wconf 79' lang='lat' dir='ltr'>et</span> <span class='ocrx_word' id='word_1_176' title='bbox 679 3643 1033 3744; x_wconf 80' lang='lat' dir='ltr'>puritate..</span> <span class='ocrx_word' id='word_1_177' title='bbox 2169 3655 2180 3660; x_wconf 17' lang='grc' dir='ltr'><strong>μ</strong></span> 
     </span>
    </p>

    <p class='ocr_par' dir='ltr' id='par_1_6' title="bbox 675 3764 705 3791">
     <span class='ocr_line' id='line_1_27' title="bbox 675 3764 705 3791; baseline 0 0"><span class='ocrx_word' id='word_1_178' title='bbox 675 3764 705 3791; x_wconf 72' lang='grc'><strong>.</strong></span> 
     </span>
    </p>
   </div>
   <div class='ocr_carea' id='block_1_6' title="bbox 541 3825 2656 4205">
    <p class='ocr_par' dir='ltr' id='par_1_7' title="bbox 541 3825 2656 4205">
     <span class='ocr_line' id='line_1_28' title="bbox 551 3825 2656 3922; baseline -0 0"><span class='ocrx_word' id='word_1_179' title='bbox 551 3911 557 3922; x_wconf 87' lang='grc'><strong>.</strong></span> <span class='ocrx_word' id='word_1_180' title='bbox 642 3845 754 3918; x_wconf 80' lang='lat' dir='ltr'>Ita</span> <span class='ocrx_word' id='word_1_181' title='bbox 842 3839 1256 3919; x_wconf 86' lang='lat' dir='ltr'>ordinatum</span> <span class='ocrx_word' id='word_1_182' title='bbox 1293 3825 1297 3830; x_wconf 42' lang='grc'>’</span> <span class='ocrx_word' id='word_1_183' title='bbox 1328 3842 1602 3918; x_wconf 86' lang='lat' dir='ltr'>librum</span> <span class='ocrx_word' id='word_1_184' title='bbox 1671 3841 2061 3919; x_wconf 80' lang='lat' dir='ltr'>doctorum</span> <span class='ocrx_word' id='word_1_185' title='bbox 2128 3844 2656 3921; x_wconf 60' lang='lat' dir='ltr'>benevolentiae</span> 
     </span>
     <span class='ocr_line' id='line_1_29' title="bbox 549 3962 2654 4069; baseline -0.002 -28"><span class='ocrx_word' id='word_1_186' title='bbox 549 3962 1017 4041; x_wconf 76' lang='lat' dir='ltr'>commendo.</span> <span class='ocrx_word' id='word_1_187' title='bbox 1083 3967 1480 4069; x_wconf 80' lang='lat' dir='ltr'>Excipiant</span> <span class='ocrx_word' id='word_1_188' title='bbox 1524 3966 1735 4040; x_wconf 88' lang='lat' dir='ltr'>illum</span> <span class='ocrx_word' id='word_1_189' title='bbox 1796 3995 1884 4043; x_wconf 89' lang='lat' dir='ltr'>ea</span> <span class='ocrx_word' id='word_1_190' title='bbox 1939 3968 2434 4069; x_wconf 80' lang='lat' dir='ltr'>indulgentia,</span> <span class='ocrx_word' id='word_1_191' title='bbox 2489 3992 2654 4066; x_wconf 84' lang='lat' dir='ltr'>quae</span> 
     </span>
     <span class='ocr_line' id='line_1_30' title="bbox 541 4090 2655 4205; baseline 0.003 -43"><span class='ocrx_word' id='word_1_192' title='bbox 541 4090 816 4189; x_wconf 79' lang='lat' dir='ltr'>juniori</span> <span class='ocrx_word' id='word_1_193' title='bbox 852 4091 1247 4194; x_wconf 65' lang='lat' dir='ltr'>¹scriptori,</span> <span class='ocrx_word' id='word_1_194' title='bbox 1301 4092 1383 4179; x_wconf 81' lang='lat' dir='ltr'>in</span> <span class='ocrx_word' id='word_1_195' title='bbox 1424 4117 1505 4171; x_wconf 88' lang='lat' dir='ltr'>re</span> <span class='ocrx_word' id='word_1_196' title='bbox 1561 4090 1785 4172; x_wconf 80' lang='lat' dir='ltr'>ardua</span> <span class='ocrx_word' id='word_1_197' title='bbox 1838 4093 2186 4182; x_wconf 83' lang='lat' dir='ltr'>versanti,</span> <span class='ocrx_word' id='word_1_198' title='bbox 2239 4091 2655 4205; x_wconf 75' lang='lat' dir='ltr'>viriumque</span> 
     </span>
    </p>
   </div>
   <div class='ocr_carea' id='block_1_7' title="bbox 2343 4441 2533 4528">
    <p class='ocr_par' dir='ltr' id='par_1_8' title="bbox 2343 4441 2533 4528">
     <span class='ocr_line' id='line_1_31' title="bbox 2343 4441 2533 4528; baseline 0 -18"><span class='ocrx_word' id='word_1_199' title='bbox 2343 4441 2533 4528; x_wconf 45' lang='grc' dir='ltr'>ευ,</span> 
     </span>
    </p>
   </div>
  </div>
 </body>
</html>
