2893 4778
574 287 664 336 ιο
892 280 1405 331 οοΜΜΕΝΤΔΜῙ
1455 276 1656 326 lmus
1711 279 1997 328 nonum
2047 280 2367 341 PRIVATI„

1370 474 1373 481 ’
1501 453 1529 535 §
1607 452 1734 516 VI.

960 593 1076 657 De
1120 589 1268 680 Iege
1312 589 1666 654 duodecim
1713 587 2110 656 Tabularum
2159 596 2296 677 (1).

656 729 876 797 Causae
931 753 1072 822 quae
1122 716 1370 794 fuerint
1424 725 1702 808 ferendae
1750 726 1912 821 legis
1942 728 2072 809 ΧΠ
2108 727 2510 796 Tabularum
2528 779 2544 808 ,
2597 753 2680 795 ex

565 868 830 915 romana
857 841 1120 909 historia
1156 854 1389 921 notum
1422 853 1520 913 est
1559 845 1675 929 (2)
1713 868 1732 907 =
1767 842 2137 938 principalis
2168 846 2306 933 ejus
2338 842 2482 910 finis
2505 856 2643 911 erat
2662 895 2683 923 ,

492 1018 497 1021 .
565 972 639 1028 ut
666 959 964 1052 patricios
1000 958 1170 1024 inter.
1198 968 1264 1027 et
1289 953 1571 1050 plebeios
1605 955 1858 1023 firmior
1893 957 2073 1028 fieret
2105 961 2321 1052 pactio
2345 1010 2363 1039 ‚
2407 962 2682 1050 juraque

562 1085 967 1166 aequurentur
998 1083 1065 1137 et
1093 1069 1549 1151 stabilirentur.
1594 1068 1912 1151 Confecta
1954 1069 2059 1140 lex
2095 1087 2188 1142 est
2219 1099 2258 1140 a
2289 1072 2687 1147 Decemviris

562 1192 647 1256 A.
688 1188 781 1253 U.
817 1186 901 1254 C.
927 1184 1202 1252 CCCIH
1229 1182 1265 1251 e
1300 1184 1583 1280 patriciis
1609 1184 1820 1268 lectis,
1859 1190 2122 1258 reversis
2146 1187 2374 1281 legatis,
2398 1185 2481 1255 ad
2510 1185 2685 1279 leges

560 1299 1011 1369 examinandas
1051 1299 1121 1364 in
1162 1297 1313 1365 alias
1353 1300 1642 1380 civitates
1679 1302 1877 1381 missis
1900 1352 1919 1383 ,
1963 1304 2078 1396 qui
2109 1302 2387 1369 Athenis
2420 1326 2685 1395 quoque

560 1415 814 1507 Solonis
875 1414 1045 1507 leges
1097 1413 1482 1491 consuluisse
1533 1412 1840 1483 dicuntur
1913 1416 2051 1502 (3).
2121 1416 2422 1484 Adfuisse
2472 1417 2549 1490 iis
2609 1424 2685 1482 in

558 1530 805 1623 legibus
834 1526 1183 1596 condendis
1220 1527 1427 1596 fertur
1465 1529 1903 1597 Hermodorus
1938 1529 2204 1623 quidam
2224 1583 2241 1613 ,
2268 1530 2420 1599 exul
2447 1530 2676 1622 Ephe-

556 1644 714 1721 sius,
763 1643 871 1709 cui
914 1654 1130 1735 postea
1161 1642 1383 1727 Romaey
1422 1653 1629 1708 statua
1660 1641 2024 1733 positasuit
2058 1641 2208 1730 (4).
2262 1642 2416 1712 Non
2441 1641 2684 1708 debent

557 1758 690 1826 XII
721 1756 991 1839 Tabulae
1023 1760 1184 1848 juris
1220 1756 1420 1835 civilis
1444 1755 1769 1826 codicibus
1791 1811 1809 1839 ‚
1850 1759 2088 1853 quibus
2117 1784 2293 1843 nunc
2330 1758 2520 1825 multi
2548 1780 2680 1850 po—

557 1873 699 1967 puli
755 1885 1027 1941 utuntur
1052 1925 1070 1954 ,
1128 1874 1486 1968 comparari
1514 1924 1531 1954 ‚
1567 1872 1677 1939 sed
1731 1873 1854 1940 illis
1889 1873 2138 1966 legibus
2183 1876 2404 1968 potius
2435 1925 2455 1953 ‚
2515 1870 2676 1965 ¹quas

555 1989 882 2056 civitatem
916 1973 1393 2080 regnorumque
1427 1987 1759 2079 publicam
1794 1987 2154 2055 libertatem
2184 2002 2374 2080 atque
2398 1987 2679 2055 formam

558 2102 971 2185 constituunt.
1020 2102 1517 2195 Magistratuum
1551 2105 1817 2196 imperia
1861 2103 1931 2169 in
1966 2101 2091 2169 illis
2136 2101 2431 2182 definita,
2468 2126 2677 2194 poenae

639 2325 748 2406 (1)
791 2318 874 2384 V.
923 2322 1198 2385 Gibbon.
1249 2323 1354 2384 N0.
1399 2321 1593 2404 3..4,
1639 2348 1706 2410 p.
1745 2324 1911 2406 4—63
1958 2348 2020 2410 p.
2071 2345 2336 2410 97-102.
2380 2321 2676 2397 Haubold

556 2432 764 2493 Instit.
812 2434 935 2515 jur.
974 2450 1140 2494 rom.
1177 2434 1345 2517 priv.
1389 2414 1979 2517 histor—dogmatic.
2006 2431 2264 2508 lineam.
2305 2432 2332 2515 ὗ
2369 2430 2671 2494 206-210.

554 2535 776 2621 Ejusd.
822 2539 974 2599 Inst.
1028 2537 1196 2599 liter.
1223 2586 1241 2616 ,
1283 2560 1350 2621 p.
1398 2540 1538 2600 300.
1586 2539 1820 2614 Baeh.,
1865 2539 1981 2601 lib.
2025 2539 2077 2607 Ι.
2106 2587 2126 2618 ‚
2156 2561 2210 2614 c.
2249 2540 2326 2604 Il.
2354 2587 2372 2615 ,
2415 2537 2444 2621 ᾗ
2486 2538 2670 2620 4-ιι.

556 2645 1021 2707 Commentaire
1063 2665 1173 2705 sur
1210 2644 1279 2706 la
1326 2645 1418 2708 toi
1460 2645 1567 2706 des
1599 2647 1752 2707 XII
1788 2646 2009 2707 Tables
2032 2694 2050 2724 ‚
2107 2668 2240 2730 par
2275 2646 2626 2708 Bouchaud
2648 2691 2669 2720 ‚

553 2756 730 2817 Deux
769 2753 897 2817 vol.
947 2753 1184 2833 in-4to.
1225 2757 1420 2824 Paris
1446 2804 1464 2834 ,
1517 2756 1690 2819 1803.
1746 2756 2124 2822 Conclusion
2166 2780 2277 2820 sur
2324 2757 2391 2818 la
2433 2757 2523 2818 [οἱ
2561 2757 2673 2818 des

553 2862 707 2923 XII
726 2861 944 2922 Tables
965 2909 983 2938 ,
999 2882 1132 2945 par·
1148 2860 1434 2942 Boulage
1454 2908 1471 2937 ,
1501 2878 1589 2921 20.
1612 2859 1870 2921 e'dition.
1900 2861 2091 2921 Paris
2126 2859 2300 2923 1822.
2335 2860 2672 2921 Me'moires

549 2969 630 3031 de
655 2967 1044 3029 I’Acade'mie
1069 2967 1177 3029 des
1201 2969 1606 3055 inscriptions
1627 3014 1644 3044 ‚
1681 2968 1756 3029 T.
1786 2967 1971 3044 XII,
1992 2989 2066 3052 p.
2101 2989 2322 3052 27-99.

637 3076 742 3158 (2)
786 3075 924 3137 Liv.
965 3075 1077 3137 111.
1122 3075 1236 3152 32,
1281 3096 1410 3170 seq.
1458 3074 1720 3157 Dionys.
1769 3071 1971 3136 Halie.
2016 3075 2154 3136 Lib.
2201 3076 2276 3152 X.
2301 3085 2364 3138 et
2404 3073 2521 3133 XI.

636 3185 745 3266 (3)
786 3184 882 3244 De
927 3181 1149 3266 legatis
1200 3182 1484 3250 Athenas
1532 3184 1735 3256 missis
1778 3194 1842 3257 et
1883 3182 1963 3258 de
2004 3183 2220 3244 Graeco
2258 3184 2394 3265 jure
2436 3181 2503 3241 in
2545 3180 2670 3241 ΧΗ

550 3289 827 3352 Tabulas
858 3289 1162 3356 translato
1191 3288 1379 3354 valde
1414 3288 1773 3376 disputatur
1815 3310 1837 3366 ς
1871 3291 2242 3352 recentiores
2285 3299 2566 3349 auctores
2599 3289 2670 3350 id

550 3395 740 3481 plane
784 3408 1033 3480 negant.
1087 3395 1250 3462 Vide
1285 3396 1485 3458 instit.
1520 3417 1721 3474 meaS,
1763 3396 1862 3469 ed.
1907 3404 1989 3457 ι’..
2037 3406 2250 3469 notam
2283 3415 2388 3478 19,
2422 3416 2485 3477 p.
2521 3395 2665 3456 321.

550 3504 959 3566 Communem
1009 3505 1369 3588 opinionem
1429 3506 1850 3580 recentissime
1891 3500 2241 3572 defendunt
2295 3503 2557 3585 Ciampi
2604 3511 2669 3562 et

550 3614 809 3691 Bet-rial
843 3613 1190 3690 St.-Prix,
1233 3615 1300 3675 in
1338 3611 1685 3691 Themide,
1728 3614 1808 3673 T.
1851 3610 1913 3690 4.
1939 3658 1958 3689 ,
2002 3632 2065 3695 p.
2110 3607 2417 3693 304-309.

639 3718 746 3802 (4)
789 3720 887 3782 De
928 3718 1316 3781 Hermodoro
1355 3718 1587 3790 videl.
1640 3740 1676 3779 2
1714 3718 1745 3801 §
1783 3717 1846 3797 4.
1890 3719 1971 3779 D.
2030 3739 2081 3778 1.
2131 3737 2167 3777 2
2225 3717 2347 3801 (de
2392 3716 2467 3778 Ο.
2508 3715 2666 3795 J.);

552 3825 730 3886 Plin.
777 3825 943 3887 Hist.
991 3822 1122 3888 nat.
1171 3825 1284 3887 lib.
1331 3825 1433 3904 34.
1487 3848 1543 3890 c.
1585 3825 1647 3899 5.
1693 3826 1755 3887 S.
1799 3827 2096 3888 Gratama
2133 3826 2337 3886 oratio
2377 3824 2471 3882 De
2505 3820 2668 3882 Her-

552 3931 814 3992 modoro
868 3953 1018 3995 vero
1071 3933 1194 3993 XII
1249 3932 1409 3994 Tab.
1457 3943 1706 4002 auctore
1727 3980 1745 4009 ‚
1803 3933 1872 3993 in
1920 3930 2273 3994 Annalibus
2319 3927 2667 3990 Academiae

432 4041 437 4046 ’
552 4040 972 4122 Groninganae
991 4080 1016 4115 ,
1068 4037 1243 4102 1818.
1288 4023 1694 4103 Contra'eum
1721 4040 1789 4112 in
1817 4040 2069 4106 Gibbon
2095 4089 2112 4118 ‚
2157 4062 2219 4123 p.
2261 4036 2342 4121 98
2383 4048 2618 4096 notam.
