2893 4778
560 269 697 342 522
869 283 1386 343 confflem-Anu
1439 259 1643 344 :mus
1696 295 1981 346 nomam
2031 298 2349 362 rmum.

554 418 834 487 solvente
883 425 905 506 (
939 426 1034 504 ι).
1081 418 1197 484 Illa
1251 421 1658 511 veropactio
1688 471 1706 499 ‚
1760 445 1887 512 qua
1937 424 2240 487 statuitur
2285 420 2668 514 creditorem

555 519 771 599 debito
811 557 943 599 non
988 531 1195 602 soluto
1227 556 1364 597 rem
1412 556 1529 623 pro
1567 537 1732 619 justo
1773 534 1979 623 pretio
2014 547 2252 600 emtam
2292 531 2671 601 habituru‘m

552 671 681 713 esse
705 698 723 727 ‚
769 645 899 739 legi
936 647 1380 713 commissoriae
1434 646 1881 738 aequiparanda
1929 672 2066 715 non
2123 661 2218 716 est
2260 700 2279 731 ,
2316 650 2668 742 efficaxque

554 761 849 830 habenda
889 767 1032 846 (2).

824 952 906 1017 D.
958 949 1099 1039 Qui
1132 953 1426 1041 potiores
1467 952 1537 1013 in
1574 952 1855 1040 pignore
1899 949 2228 1018 habentur
2266 952 2399 1038 (3).

687 1144 716 1228 §
763 1142 811 1207 I.
864 1142 1032 1233 ρυιίς
1076 1139 1243 1215 ordo
1294 1142 1474 1204 inter
1522 1125 1884 1206 creditores
1928 1141 2279 1211 observari
2316 1144 2545 1210 debet.

652 1328 803 1412 384.
850 1329 1121 1420 Quoties
1171 1327 1385 1421 plures
1424 1328 1808 1422 hypothecae
1867 1331 1935 1395 in
1987 1330 2211 1396 eadem
2259 1355 2327 1395 re
2358 1377 2386 1411 ,
2448 1328 2549 1395 vel
2597 1329 2671 1394 in

556 1442 840 1532 ejusdem
866 1466 1150 1535 personae
1183 1443 1573 1535 patrimonio
1610 1444 1967 1509 constitutae
1998 1456 2176 1524 sunt,
2217 1468 2336 1509 nec
2367 1443 2667 1510 omnibus

499 1640 504 1652 .
559 1556 980 1624 creditoribus
1010 1581 1091 1623 ex
1128 1559 1478 1649 pig-norum
1499 1555 1909 1624 distractione
1943 1557 2226 1625 satisfieri
2269 1570 2479 1651 potest
2501 1610 2519 1637 ‚
2541 1552 2666 1623 ness·

558 1668 894 1738 cessarium
912 1684 1004 1737 est
1029 1684 1299 1737 statuere
1319 1722 1335 1750 ,
1367 1679 1631 1762 quinam
1652 1673 1819 1736 inter
1846 1686 2296 1739 concurrentes
2324 1672 2668 1750 creditores

559 1785 835 1876 potiores
878 1785 1006 1851 sint
1050 1783 1330 1851 habendi
1371 1811 1390 1868 3
1449 1785 1539 1850 ita
1602 1794 1676 1851 ut
1726 1796 1876 1851 ante
1930 1798 2166 1852 ceteros
2216 1787 2365 1878 ipsis
2408 1784 2667 1852 solven-

567 1894 723 1964 dum
766 1899 866 1964 sit.

652 1999 761 2078 Ad
812 2012 986 2078 hunc
1019 2010 1313 2079 ordinem
1367 2007 1801 2077 definiendum
1821 2062 1838 2090 ‚
1900 2012 2024 2077 tria
2078 2009 2418 2103 spectanda
2476 2024 2663 2076 sunt:

559 2125 1013 2222 privilegium,
1050 2126 1288 2193 scilicet
1307 2176 1326 2206 ‚
1358 2149 1488 2217 quo
1527 2124 1892 2218 hypotheca
1935 2128 2184 2191 munita
2232 2150 2359 2190 esse
2409 2137 2616 2216 potest
2649 2152 2670 2205 3

564 2240 900 2334 publicum
954 2243 1451 2307 instrumentum
1493 2265 1623 2331 quo
1670 2265 1811 2306 eam
1860 2240 2269 2312 constitutam
2315 2240 2668 2332 probatur;

562 2368 810 2450 tempus
851 2352 1122 2446 denique
1151 2378 1281 2447 quo
1307 2354 1674 2446 hypotheca
1709 2367 1949 2421 ceteros
1979 2353 2316 2421 antecedit.
2349 2351 2669 2444 Quaedam

649 2624 764 2702 (1)
809 2620 983 2705 Saepe
1028 2643 1097 2683 ex
1135 2621 1182 2682 l.
1233 2621 1307 2683 81
1362 2644 1456 2706 pr.
1498 2670 1514 2700 ,
1559 2623 1638 2684 D.
1689 2621 1760 2683 18
1790 2670 1806 2698 ‚
1857 2644 1879 2682 1
1930 2621 2059 2704 (de
2094 2619 2376 2680 contrah.
2420 2620 2666 2700 empt.)

565 2755 708 2795 cum
759 2733 1119 2815 fidejussore
1163 2732 1647 2793 commissoriam
1696 2732 1828 2795 fieri
1873 2751 2050 2814 posse
2093 2730 2318 2790 docent
2353 2749 2372 2788 ε
2423 2738 2519 2787 ast
2559 2727 2664 2787 bic

567 2839 744 2900 locus
791 2840 868 2900 de
917 2842 1182 2921 pignore
1235 2842 1400 2919 justo
1445 2839 1644 2921 pretio
1689 2837 2036 2920 fidejussori
2076 2822 2520 2898 committendo
2569 2837 2674 2895 in-

564 2945 937 3029 telligendus
977 2957 1091 3006 est.

652 3055 770 3132 (α)
813 3052 881 3112 L.
925 3052 997 3113 16
1024 3099 1041 3125 ‚
1080 3052 1110 3136 §
1149 3051 1266 3115 ult.
1300 3099 1319 3129 ‚
1351 3051 1433 3116 D.
1479 3073 1556 3113 20
1585 3070 1620 3129 ‚·
1655 3073 1678 3112 1
1730 3051 1849 3132 (de
1878 3054 2053 3135 pign.
2090 3061 2152 3112 et
2186 3048 2449 3132 hypoth.
2475 3052 2545 3130 );
2593 3070 2672 3110 ne

483 3216 487 3220 .
569 3160 915 3245 juramento
951 3158 1202 3242 quidem
1243 3160 1485 3220 firmata
1524 3158 1619 3220 lex
1658 3160 2079 3219 commissoria
2105 3157 2315 3218 valida
2347 3158 2537 3217 fuisse
2569 3154 2673 3216 vi-

568 3267 752 3353 detur
773 3288 842 3326 ex
863 3268 996 3347 jure
1022 3267 1338 3326 canonico.
1364 3269 1459 3326 Ita
1488 3262 1623 3348 cap.
1650 3288 1709 3349 7.
1728 3265 1816 3325 X.
1847 3265 1882 3324 3
1906 3305 1924 3331 ‚
1957 3285 2026 3324 21
2052 3264 2167 3343 (de
2196 3262 2628 3345 jurejurando)
2653 3309 2671 3335 ‚

565 3372 733 3454 quod
782 3372 961 3432 multi
1009 3370 1168 3431 male
1214 3370 1574 3453 intelligunt
1597 3420 1614 3449 ‚
1648 3382 1719 3432 ut
1750 3372 2020 3435 Thibaut
2046 3418 2063 3448 ,
2093 3371 2354 3448 System.
2387 3380 2405 3445 3
2451 3369 2480 3451 §
2523 3367 2671 3452 649.
2703 3384 2712 3393 ·

651 3479 764 3562 (3)
809 3482 949 3561 Dig.
1013 3501 1128 3557 20,
1186 3480 1270 3559 43
1319 3481 1475 3540 Cod.
1539 3479 1580 3541 8
1612 3527 1630 3555 ‚
1702 3477 1814 3557 18„
1847 3499 2002 3561 ·19,
2068 3478 2241 3560 (qui
2282 3477 2555 3559 potiores
2606 3477 2672 3536 in

567 3587 829 3669 pignore
870 3585 971 3650 vel
1011 3585 1363 3670 hypotheca
1403 3585 1754 3663 habentur,
1802 3595 1866 3646 et
1899 3585 1977 3645 de
2006 3583 2105 3645 his
2139 3585 2250 3666 qui
2294 3585 2361 3644 in
2391 3585 2675 3664 priorum

564 3693 943 3757 creditorum
982 3691 1191 3779 locum·
1228 3693 1564 3754 succedunt
1588 3694 1668 3771 >3
1708 3693 2057 3774 Schweppe
2076 3738 2093 3768 ‚
2122 3689 2237 3749 das
2276 3690 2538 3767 System.
2568 3688 2673 3748 des

572 3804 908 3864 concurses
926 3801 1040 3861 der
1066 3802 1426 3880 Glaeubiger.
1460 3798 1519 3861 Z
1520 3801 1703 3861 weite
1719 3798 2010 3878 Ausgabe
2033 3845 2051 3874 ‚
2084 3797 2453 3874 Goettingen
2483 3792 2676 3871 1824,

569 3907 656 3970 80.
684 3953 701 3983 ,
744 3931 805 3991 p.
865 3931 887 3969 1
906 3906 977 3985 14
1023 3918 1085 3968 et
1129 3929 1257 3990 seq.
1290 3927 1314 3986 ς
1364 3905 1686 3967 Zimmem
1721 3946 1743 3984 ‚
1778 3907 1849 3966 in
1901 3903 2027 3966 den
2060 3924 2254 3967 roem.
2300 3898 2674 3971 rechillckea

578 4012 1141 4096 Untersuclmngem
1167 4062 1186 4093 ,
1231 4035 1298 4098 p.
1343 4012 1656 4091 281-304-
