2893 4778
905 304 1119 352 Lmen
1172 305 1235 383 1.
1283 322 1374 347 -v-
1430 306 1586 353 οω.
1641 306 1711 358 v.
2229 282 2366 355 551

253 434 500 491 servato
558 423 951 512 judiciorum
999 425 1221 494 ordine
1285 433 1394 513 (1)
1440 441 1508 495 et
1561 426 1845 520 legitime
1890 431 2255 497 convocatis
2309 440 2375 494 et

254 535 486 605 auditis
527 539 836 630 partibus,
893 540 1222 612 Sententia
1246 593 1262 622 ,
1306 566 1437 608 non
1468 543 1682 609 audita
1723 541 1920 609 altera
1953 557 2132 637 parte
2155 596 2171 624 ‚
2217 542 2375 623 lata,

256 649 500 718 nullam
542 651 739 724 hahet
783 652 1152 720 firmitatem
1185 680 1204 739 3
1256 655 1379 721 nisi
1428 656 1498 725 in
1542 657 2009 723 contumaciam
2055 658 2193 743 ejus
2234 670 2374 728 erat

256 769 679 858 pronuntiata
728 772 865 852 (α).

351 903 408 949 c.
451 881 553 947 Ne
603 882 685 948 sit
759 880 1006 974 legibus
1058 894 1168 948 aut
1225 884 1380 971 juris
1437 883 1771 976 praeceptis
1823 884 2167 976 expressim
2210 907 2376 950 eon-

261 984 454 1063 traria
525 997 631 1078 (3)
673 1023 692 1079 3
727 1001 887 1084 ejus
946 980 1125 1064 modi
1170 999 1345 1067 enim
1367 1048 1384 1077 ,
1438 1022 1583 1089 quae
1630 1002 1941 1066 sententia
1992 1011 2212 1089 contra
2255 1001 2384 1093 jus

266 1112 337 1173 in
379 1091 558 1174 thesi
597 1109 788 1177 hodie
848 1110 977 1185 diei
1021 1110 1178 1178 solet
1225 1163 1243 1193 ‚
1302 1110 1541 1180 nullius
1587 1115 1895 1179 momenti
1943 1125 2037 1179 est
2063 1163 2080 1193 ,
2128 1121 2202 1179 'ac
2241 1114 2377 1179 sine

268 1221 690 1315 appellatione
742 1224 1178 1297 rescindenda.
1229 1226 1301 1292 Si
1360 1225 1439 1292 de
1496 1226 1664 1293 sacto
1726 1229 1959 1296 erravit
2017 1225 2213 1310 judex
2267 1239 2380 1295 aut

269 1338 426 1422 iuris
480 1338 772 1429 regulam
815 1364 1012 1410 causae
1067 1337 1230 1407 male
1291 1339 1731 1409 accomodavit
1767 1391 1784 1421 ,
1836 1342 2145 1407 sententia
2191 1340 2380 1409 firma

270 1464 364 1518 est
392 1504 410 1532 ,
465 1454 518 1518 si
567 1453 759 1520 modo
801 1457 1008 1547 ipsum
1054 1458 1149 1541 jus
1189 1480 1321 1520 non
1362 1454 1647 1521 offendit.

361 1565 437 1631 d.
489 1565 682 1633 Certa
720 1594 975 1663 quoque
998 1572 1306 1637 sententia
1338 1595 1464 1649 esse
1507 1569 1695 1639 debet
1732 1566 1842 1655 (4)
1874 1582 1937 1635 et
1971 1593 2133 1661 pura
2163 1617 2179 1649 ‚
2219 1569 2265 1633 i.
2315 1594 2377 1635 e.

271 1678 405 1749 sine
451 1678 818 1751 conditione
889 1681 1008 1767 (5)
1047 1706 1066 1763 3
1113 1681 1372 1773 quando
1432 1687 1565 1768 ejus
1620 1666 1948 1775 dispositio
1996 1667 2185 1774 plane
2235 1681 2383 1747 ohs-

273 1814 425 1858 cura
474 1804 565 1858 est
628 1805 739 1858 aut
800 1793 1137 1885 ambigua,
1203 1798 1297 1881 jus
1343 1819 1483 1863 non
1541 1796 1877 1861 constituit
1932 1794 2101 1860 inter
2144 1806 2376 1885 partes·

361 1930 420 1974 e.
478 1906 772 1999 Denique
842 1909 1152 1979 sententia
1223 1907 1387 1981 nulli
1449 1908 1857 2007 appellationi
1919 1908 2200 1979 obnoxia
2255 1925 2380 1979 esse

272 2015 485 2086 debet
553 2018 684 2107 (6).

359 2263 474 2349 (1)
509 2257 576 2323 L.
617 2260 701 2342 4,
749 2264 821 2326 C.
868 2286 903 2348 7
939 2311 957 2342 ,
1004 2263 1084 2343 45
1115 2312 1133 2340 ,
1178 2265 1311 2340 (de
1354 2275 1621 2327 sentent.
1663 2275 1724 2325 et
1758 2262 2172 2343 interlocut.).
2222 2265 2385 2345 Ergo

275 2372 678 2454 pronuntiata
720 2393 851 2433 esse
888 2371 1075 2437 debet
1123 2371 1263 2434 loco
1307 2369 1561 2455 publico
1604 2382 1666 2434 et
1714 2383 1990 2454 tempore
2035 2393 2311 2454 congruo
2357 2394 2380 2452 ς

276 2476 323 2538 1.
365 2474 460 2556 6,
505 2478 575 2538 C.
642 2476 708 2539 h.
757 2484 996 2563 t,(7,
1046 2478 1255 2560 5231.
1301 2477 1426 2560 59,
1473 2476 1683 2555 D.5‚
1739 2499 1808 2553 1,
1855 2478 1975 2556 (de
2019 2479 2380 2560 judiciis);

280 2580 322 2644 l.
367 2582 449 2663 4,
482 2584 551 2644 C.
601 2608 635 2674 7
668 2631 693 2661 ,
736 2580 860 2665 43„
907 2585 1264 2670 (quomodo
1303 2595 1363 2646 et
1404 2585 1656 2669 quando
1693 2585 1872 2666 judex
1906 2595 2169 2650 sentent.
2220 2586 2385 2669 prof.

271 2689 500 2753 debeat
530 2699 618 2777 >3
667 2692 1120 2775 Westenberg,
1171 2692 1284 2754 lib.
1324 2691 1403 2771 42
1434 2738 1451 2771 ,
1494 2695 1594 2754 tit.
1639 2714 1661 2752 1
1694 2738 1714 2771 ,
1759 2692 1787 2776 ᾗ
1841 2714 1929 2754 11.

363 2807 468 2886 (2)
513 2807 583 2867 L.
634 2806 711 2896 47
758 2828 908 2888 pr.,
957 2807 1034 2867 D.
1073 2805 1139 2867 h.
1184 2817 1270 2881 t.,
1319 2806 1361 2867 l.
1403 2807 1612 2883 3,5‚
1674 2829 1757 2890 7,
1804 2804 1986 2889 C.7,
2032 2802 2111 2886 43
2166 2808 2389 2885 (quo-

277 2913 464 2977 modo
505 2924 568 2974 et
607 2913 866 2999 ‘quando
900 2915 1080 2995 judex
1117 2915 1486 2977 sententiam
1519 2914 1681 2995 prof.
1714 2915 1745 2990 )

365 3021 475 3102 (3)
520 3021 586 3081 L.
620 3022 742 3098 32,
773 3022 852 3082 D.
898 3021 965 3083 h.
1001 3032 1050 3088 t,
1085 3067 1104 3099 ,
1141 3020 1186 3083 l.
1240 3044 1260 3082 1
1296 3068 1314 3098 ,
1361 3021 1458 3103 §2
1486 3067 1503 3096 ‚
1545 3022 1623 3080 D.
1655 3018 1770 3102 49,
1811 3017 1891 3098 8,
1926 3024 2092 3102 (quae
2123 3029 2387 3082 sentent.

286 3126 419 3192 sine
460 3127 757 3210 appellat.
805 3128 1123 3206 rescind.)
1157 3149 1177 3208 3
1227 3128 1275 3188 l.
1317 3149 1352 3192 2
1382 3175 1400 3206 ,
1443 3125 1480 3195 5
1505 3176 1522 3205 ‚
1559 3149 1642 3211 9,
1681 3128 1751 3188 C.
1789 3149 1823 3216 7
1859 3174 1877 3204 ,
1917 3125 2038 3206 64,
2086 3127 2392 3208 (quando

284 3254 626 3320 provocare
662 3256 787 3298 non
827 3248 920 3297 est
964 3256 1207 3296 necesse
1229 3237 1279 3312 ).

369 3339 473 3422 (4)
521 3321 697 3424 §32‚
744 3345 796 3404 Ι.
842 3342 924 3421 4,
967 3331 1060 3417 6,·
1095 3343 1224 3423 <de
1249 3342 1637 3421 aet10n11›.);
1685 3342 1827 3423 caj.
1875 3340 2016 3413 ιν,
2060 3339 2180 3415 52,
2235 3340 2390 3404 cod.

281 3469 320 3535 7
348 3495 365 3523 ‚
424 3445 508 3526 46
531 3495 552 3520 ,
604 3450 731 3530 (de
794 3452 1120 3513 sententiis
1184 3471 1318 3532 quae
1392 3452 1525 3513 sine
1590 3460 1758 3509 certa
1818 3450 2167 3530 quantitate
2236 3468 2394 3530 pro-

280 3554 674 3636 feruntur)·,
733 3557 1072 3638 praesertim
1106 3555 1163 3617 ·l.
1207 3557 1242 3617 3
1269 3604 1287 3631 ‚
1352 3554 1397 3618 l.
1456 3553 1498 3632 4
1542 3603 1558 3629 ,
1621 3554 1749 3636 huj.
1793 3556 1890 3614 tit.
1936 3554 2151 3614 Potest
2189 3565 2397 3616 tamen

280 3656 523 3737 decidi,
549 3672 621 3721 ut
647 3663 961 3752 qnantitas
988 3664 1245 3744 proprio
1275 3662 1506 3741 judicio
1536 3660 1871 3724 definiatur
1895 3680 1917 3734 ς
1946 3659 1989 3720 l.
2018 3680 2052 3719 2
2079 3707 2096 3734 ,
2130 3661 2200 3719 C.
2241 3658 2396 3722 ibid.

370 3766 495 3850 (5)
536 3767 608 3834 L.
677 3790 701 3835 ι
730 3813 752 3845 ‚
795 3768 823 3851 §
855 3767 929 3846 5,
960 3770 1038 3830 D.
1083 3766 1165 3852 49
1190 3816 1208 3847 ,
1253 3769 1337 3849 4,
1379 3768 1667 3854 (quando
1694 3764 2051 3855 appelland.
2082 3771 2136 3848 );
2204 3765 2247 3826 l.
2279 3768 2353 3854 37
2377 3813 2397 3843 ,

284 3873 365 3940 D.
418 3893 493 3958 27
525 3920 544 3950 ,
601 3896 622 3938 1
656 3921 676 3951 ,
733 3875 853 3954 (de
903 3887 1177 3936 excusat.
1228 3878 1455 3956 ται).ι

372 3979 476 4063 (6)
518 3982 790 4064 Tempus
818 3981 1005 4049 fatale
1030 3963 1503 4065 interponenda
1528 3979 1968 4067 appellationis
1995 4003 2029 4044 a
2059 3985 2360 4044 sententia
2380 4031 2398 4055 ‚

284 4087 440 4180 olim
465 4087 729 4157 biduum
751 4099 887 4154 erat
911 4089 975 4155 in
1001 4111 1178 4152 causa
1199 4065 1450 4178 propria
1480 4138 1498 4169 ‚
1524 4089 1807 4168 ‚triduum
1840 4090 1905 4150 in
1936 4108 2118 4151 causa
2150 4088 2352 4152 aliena
2378 4111 2397 4168 3
