<?xml version="1.0" encoding="UTF-8"?>
<!DOCTYPE html PUBLIC "-//W3C//DTD XHTML 1.0 Transitional//EN"
    "http://www.w3.org/TR/xhtml1/DTD/xhtml1-transitional.dtd">
<html xmlns="http://www.w3.org/1999/xhtml" xml:lang="en" lang="en">
 <head>
  <title>
</title>
<meta http-equiv="Content-Type" content="text/html;charset=utf-8" />
  <meta name='ocr-system' content='tesseract 3.04.00' />
  <meta name='ocr-capabilities' content='ocr_page ocr_carea ocr_par ocr_line ocrx_word'/>
</head>
<body>
  <div class='ocr_page' id='page_1' title='image "./commentariijuri00warngoog/commentariijuri00warngoog_0013.png"; bbox 0 0 2893 4778; ppageno 0'>
   <div class='ocr_carea' id='block_1_1' title="bbox 256 330 2418 1940">
    <p class='ocr_par' dir='ltr' id='par_1_1' title="bbox 256 330 2418 1940">
     <span class='ocr_line' id='line_1_1' title="bbox 752 330 2418 439; baseline 0.003 -28"><span class='ocrx_word' id='word_1_1' title='bbox 752 436 755 439; x_wconf 15' lang='grc' dir='ltr'>Ι</span> <span class='ocrx_word' id='word_1_2' title='bbox 1041 343 1640 412; x_wconf 70' lang='lat' dir='ltr'><strong><em>PRAEFATI&#39;O.</em></strong></span> <span class='ocrx_word' id='word_1_3' title='bbox 1702 330 1705 333; x_wconf 61' lang='grc'>’</span> <span class='ocrx_word' id='word_1_4' title='bbox 2308 341 2418 416; x_wconf 74' lang='lat' dir='ltr'>ix,</span> 
     </span>
     <span class='ocr_line' id='line_1_2' title="bbox 344 484 2395 574; baseline -0.001 -11"><span class='ocrx_word' id='word_1_5' title='bbox 344 490 543 563; x_wconf 71' lang='lat' dir='ltr'>suris</span> <span class='ocrx_word' id='word_1_6' title='bbox 618 485 916 562; x_wconf 86' lang='lat' dir='ltr'>romani</span> <span class='ocrx_word' id='word_1_7' title='bbox 979 484 1507 574; x_wconf 82' lang='lat' dir='ltr'>institutionem</span> <span class='ocrx_word' id='word_1_8' title='bbox 1577 485 1798 559; x_wconf 87' lang='lat' dir='ltr'>aliam</span> <span class='ocrx_word' id='word_1_9' title='bbox 1885 509 2040 561; x_wconf 85' lang='lat' dir='ltr'>esse</span> <span class='ocrx_word' id='word_1_10' title='bbox 2117 484 2395 560; x_wconf 86' lang='lat' dir='ltr'>dehere</span> 
     </span>
     <span class='ocr_line' id='line_1_3' title="bbox 262 605 2392 710; baseline -0.002 -23"><span class='ocrx_word' id='word_1_11' title='bbox 262 614 528 687; x_wconf 89' lang='lat' dir='ltr'>nostris</span> <span class='ocrx_word' id='word_1_12' title='bbox 572 609 880 697; x_wconf 89' lang='lat' dir='ltr'>diebus,</span> <span class='ocrx_word' id='word_1_13' title='bbox 931 633 1151 710; x_wconf 89' lang='lat' dir='ltr'>quam</span> <span class='ocrx_word' id='word_1_14' title='bbox 1194 622 1359 682; x_wconf 91' lang='lat' dir='ltr'>ante</span> <span class='ocrx_word' id='word_1_15' title='bbox 1392 605 1532 682; x_wconf 91' lang='lat' dir='ltr'>hos</span> <span class='ocrx_word' id='word_1_16' title='bbox 1572 609 1867 710; x_wconf 81' lang='lat' dir='ltr'>triginta</span> <span class='ocrx_word' id='word_1_17' title='bbox 1899 635 2127 684; x_wconf 87' lang='lat' dir='ltr'>annos</span> <span class='ocrx_word' id='word_1_18' title='bbox 2171 634 2392 684; x_wconf 89' lang='lat' dir='ltr'>nemo</span> 
     </span>
     <span class='ocr_line' id='line_1_4' title="bbox 256 729 2393 838; baseline -0.001 -28"><span class='ocrx_word' id='word_1_19' title='bbox 256 738 427 826; x_wconf 87' lang='lat' dir='ltr'>erit,</span> <span class='ocrx_word' id='word_1_20' title='bbox 466 737 618 838; x_wconf 84' lang='lat' dir='ltr'>qui</span> <span class='ocrx_word' id='word_1_21' title='bbox 648 731 1061 821; x_wconf 85' lang='lat' dir='ltr'>inficietur3</span> <span class='ocrx_word' id='word_1_22' title='bbox 1125 756 1296 804; x_wconf 91' lang='lat' dir='ltr'>cum</span> <span class='ocrx_word' id='word_1_23' title='bbox 1337 729 1546 836; x_wconf 78' lang='lat' dir='ltr'>quod</span> <span class='ocrx_word' id='word_1_24' title='bbox 1601 757 1642 805; x_wconf 93' lang='lat' dir='ltr'>e</span> <span class='ocrx_word' id='word_1_25' title='bbox 1688 731 1962 807; x_wconf 88' lang='lat' dir='ltr'>sorensi</span> <span class='ocrx_word' id='word_1_26' title='bbox 2009 761 2142 807; x_wconf 85' lang='lat' dir='ltr'>usu</span> <span class='ocrx_word' id='word_1_27' title='bbox 2189 734 2393 835; x_wconf 83' lang='lat' dir='ltr'>apud</span> 
     </span>
     <span class='ocr_line' id='line_1_5' title="bbox 259 852 2400 960; baseline -0 -28"><span class='ocrx_word' id='word_1_28' title='bbox 259 861 619 960; x_wconf 86' lang='lat' dir='ltr'>plurimos</span> <span class='ocrx_word' id='word_1_29' title='bbox 641 855 963 960; x_wconf 87' lang='lat' dir='ltr'>populos</span> <span class='ocrx_word' id='word_1_30' title='bbox 987 852 1171 937; x_wconf 90' lang='lat' dir='ltr'>illud</span> <span class='ocrx_word' id='word_1_31' title='bbox 1193 855 1539 942; x_wconf 86' lang='lat' dir='ltr'>recessit,</span> <span class='ocrx_word' id='word_1_32' title='bbox 1578 869 1733 928; x_wconf 85' lang='lat' dir='ltr'>tum</span> <span class='ocrx_word' id='word_1_33' title='bbox 1774 854 1973 956; x_wconf 89' lang='lat' dir='ltr'>quod</span> <span class='ocrx_word' id='word_1_34' title='bbox 2002 856 2157 957; x_wconf 90' lang='lat' dir='ltr'>ipsa</span> <span class='ocrx_word' id='word_1_35' title='bbox 2192 856 2400 954; x_wconf 78' lang='lat' dir='ltr'>&#39;juris-</span> 
     </span>
     <span class='ocr_line' id='line_1_6' title="bbox 269 977 2402 1085; baseline -0 -32"><span class='ocrx_word' id='word_1_36' title='bbox 269 980 689 1085; x_wconf 78' lang='lat' dir='ltr'>prudentiae</span> <span class='ocrx_word' id='word_1_37' title='bbox 757 980 1017 1053; x_wconf 85' lang='lat' dir='ltr'>veteris</span> <span class='ocrx_word' id='word_1_38' title='bbox 1075 979 1374 1052; x_wconf 88' lang='lat' dir='ltr'>scientia</span> <span class='ocrx_word' id='word_1_39' title='bbox 1452 994 1527 1051; x_wconf 89' lang='lat' dir='ltr'>et</span> <span class='ocrx_word' id='word_1_40' title='bbox 1600 977 1963 1052; x_wconf 82' lang='lat' dir='ltr'>indefesso</span> <span class='ocrx_word' id='word_1_41' title='bbox 2026 981 2402 1053; x_wconf 82' lang='lat' dir='ltr'>=meritissi-</span> 
     </span>
     <span class='ocr_line' id='line_1_7' title="bbox 270 1097 2402 1198; baseline -0.001 -23"><span class='ocrx_word' id='word_1_42' title='bbox 270 1127 570 1175; x_wconf 87' lang='lat' dir='ltr'>morum</span> <span class='ocrx_word' id='word_1_43' title='bbox 602 1102 925 1175; x_wconf 82' lang='lat' dir='ltr'>virorum</span> <span class='ocrx_word' id='word_1_44' title='bbox 961 1097 1201 1172; x_wconf 89' lang='lat' dir='ltr'>studio</span> <span class='ocrx_word' id='word_1_45' title='bbox 1237 1113 1310 1172; x_wconf 92' lang='lat' dir='ltr'>et</span> <span class='ocrx_word' id='word_1_46' title='bbox 1346 1099 1551 1192; x_wconf 84' lang='lat' dir='ltr'>novis</span> <span class='ocrx_word' id='word_1_47' title='bbox 1601 1098 1753 1198; x_wconf 90' lang='lat' dir='ltr'>ejus</span> <span class='ocrx_word' id='word_1_48' title='bbox 1789 1097 2402 1172; x_wconf 80' lang='lat' dir='ltr'>fontibus&#39;recens</span> 
     </span>
     <span class='ocr_line' id='line_1_8' title="bbox 274 1212 2402 1326; baseline -0.002 -29"><span class='ocrx_word' id='word_1_49' title='bbox 274 1225 628 1326; x_wconf 83' lang='lat' dir='ltr'><strong>repertis,</strong></span> <span class='ocrx_word' id='word_1_50' title='bbox 676 1212 976 1324; x_wconf 68' lang='lat' dir='ltr'>prorsus</span> <span class='ocrx_word' id='word_1_51' title='bbox 1017 1223 1396 1295; x_wconf 89' lang='lat' dir='ltr'>immutata</span> <span class='ocrx_word' id='word_1_52' title='bbox 1448 1237 1578 1295; x_wconf 81' lang='lat' dir='ltr'>est.</span> <span class='ocrx_word' id='word_1_53' title='bbox 1645 1220 1992 1294; x_wconf 85' lang='lat' dir='ltr'>Plurimae</span> <span class='ocrx_word' id='word_1_54' title='bbox 2053 1220 2402 1322; x_wconf 83' lang='lat' dir='ltr'>pragma-</span> 
     </span>
     <span class='ocr_line' id='line_1_9' title="bbox 275 1341 2404 1431; baseline -0.002 -12"><span class='ocrx_word' id='word_1_55' title='bbox 275 1348 594 1421; x_wconf 83' lang='lat' dir='ltr'>ticorum</span> <span class='ocrx_word' id='word_1_56' title='bbox 648 1345 1183 1418; x_wconf 42' lang='lat' dir='ltr'>“controversiae</span> <span class='ocrx_word' id='word_1_57' title='bbox 1272 1341 1502 1418; x_wconf 90' lang='lat' dir='ltr'>hodie</span> <span class='ocrx_word' id='word_1_58' title='bbox 1556 1399 1580 1431; x_wconf 89' lang='lat'><strong><em>,</em></strong></span> <span class='ocrx_word' id='word_1_59' title='bbox 1659 1369 1959 1417; x_wconf 85' lang='lat' dir='ltr'>summae</span> <span class='ocrx_word' id='word_1_60' title='bbox 2028 1341 2404 1417; x_wconf 85' lang='lat' dir='ltr'>bonorum·</span> 
     </span>
     <span class='ocr_line' id='line_1_10' title="bbox 281 1468 2406 1572; baseline -0.002 -26"><span class='ocrx_word' id='word_1_61' title='bbox 281 1471 691 1547; x_wconf 74' lang='lat' dir='ltr'>studiorum</span> <span class='ocrx_word' id='word_1_62' title='bbox 729 1470 1057 1557; x_wconf 83' lang='lat' dir='ltr'>utilitati,</span> <span class='ocrx_word' id='word_1_63' title='bbox 1109 1471 1549 1544; x_wconf 85' lang='lat' dir='ltr'>omittuntur</span> <span class='ocrx_word' id='word_1_64' title='bbox 1592 1486 1715 1544; x_wconf 88' lang='lat' dir='ltr'>aut</span> <span class='ocrx_word' id='word_1_65' title='bbox 1753 1471 2230 1572; x_wconf 57' lang='lat' dir='ltr'>ignorantum</span> <span class='ocrx_word' id='word_1_66' title='bbox 2296 1468 2406 1542; x_wconf 81' lang='lat' dir='ltr'>di-</span> 
     </span>
     <span class='ocr_line' id='line_1_11' title="bbox 278 1582 2404 1696; baseline -0.001 -29"><span class='ocrx_word' id='word_1_67' title='bbox 278 1594 505 1695; x_wconf 83' lang='lat' dir='ltr'>ligens</span> <span class='ocrx_word' id='word_1_68' title='bbox 542 1609 618 1669; x_wconf 86' lang='lat' dir='ltr'>et</span> <span class='ocrx_word' id='word_1_69' title='bbox 667 1597 947 1668; x_wconf 84' lang='lat' dir='ltr'>sincera</span> <span class='ocrx_word' id='word_1_70' title='bbox 1003 1592 1316 1667; x_wconf 79' lang='lat' dir='ltr'>sontium</span> <span class='ocrx_word' id='word_1_71' title='bbox 1354 1594 1838 1696; x_wconf 74' lang='lat' dir='ltr'>perscrutatio</span> <span class='ocrx_word' id='word_1_72' title='bbox 1887 1582 2073 1692; x_wconf 73' lang='lat' dir='ltr'>juris·</span> <span class='ocrx_word' id='word_1_73' title='bbox 2114 1584 2404 1665; x_wconf 64' lang='lat' dir='ltr'>romarii</span> 
     </span>
     <span class='ocr_line' id='line_1_12' title="bbox 281 1711 2404 1817; baseline -0.001 -30"><span class='ocrx_word' id='word_1_74' title='bbox 281 1716 543 1791; x_wconf 80' lang='lat' dir='ltr'>faciem</span> <span class='ocrx_word' id='word_1_75' title='bbox 623 1718 889 1791; x_wconf 85' lang='lat' dir='ltr'>mirum</span> <span class='ocrx_word' id='word_1_76' title='bbox 960 1730 1316 1817; x_wconf 86' lang='lat' dir='ltr'>quantum</span> <span class='ocrx_word' id='word_1_77' title='bbox 1385 1712 1740 1789; x_wconf 90' lang='lat' dir='ltr'>diversam</span> <span class='ocrx_word' id='word_1_78' title='bbox 1803 1711 2017 1789; x_wconf 87' lang='lat' dir='ltr'>nobis</span> <span class='ocrx_word' id='word_1_79' title='bbox 2087 1712 2404 1789; x_wconf 85' lang='lat' dir='ltr'>ostendit</span> 
     </span>
     <span class='ocr_line' id='line_1_13' title="bbox 280 1836 1737 1940; baseline -0.002 -28"><span class='ocrx_word' id='word_1_80' title='bbox 280 1837 368 1931; x_wconf 82' lang='lat' dir='ltr'>ab</span> <span class='ocrx_word' id='word_1_81' title='bbox 416 1837 575 1926; x_wconf 89' lang='lat' dir='ltr'>illa,</span> <span class='ocrx_word' id='word_1_82' title='bbox 629 1850 851 1940; x_wconf 84' lang='lat' dir='ltr'>quam</span> <span class='ocrx_word' id='word_1_83' title='bbox 896 1836 1074 1910; x_wconf 89' lang='lat' dir='ltr'>olim</span> <span class='ocrx_word' id='word_1_84' title='bbox 1120 1864 1276 1938; x_wconf 84' lang='lat' dir='ltr'>prae</span> <span class='ocrx_word' id='word_1_85' title='bbox 1318 1863 1395 1911; x_wconf 93' lang='lat' dir='ltr'>se</span> <span class='ocrx_word' id='word_1_86' title='bbox 1432 1836 1737 1913; x_wconf 82' lang='lat' dir='ltr'>serebat.</span> 
     </span>
    </p>
   </div>
   <div class='ocr_carea' id='block_1_2' title="bbox 284 1995 2485 3203">
    <p class='ocr_par' dir='ltr' id='par_1_2' title="bbox 284 1995 2485 3203">
     <span class='ocr_line' id='line_1_14' title="bbox 375 1995 2405 2090; baseline 0.001 -20"><span class='ocrx_word' id='word_1_87' title='bbox 375 1995 608 2090; x_wconf 88' lang='lat' dir='ltr'>Quod</span> <span class='ocrx_word' id='word_1_88' title='bbox 687 1997 784 2072; x_wconf 89' lang='lat' dir='ltr'>ad</span> <span class='ocrx_word' id='word_1_89' title='bbox 846 1999 1204 2072; x_wconf 88' lang='lat' dir='ltr'>rationem</span> <span class='ocrx_word' id='word_1_90' title='bbox 1260 1999 1513 2072; x_wconf 88' lang='lat' dir='ltr'>attinet</span> <span class='ocrx_word' id='word_1_91' title='bbox 1534 1998 1571 2086; x_wconf 75' lang='grc'>’,</span> <span class='ocrx_word' id='word_1_92' title='bbox 1640 2024 1682 2071; x_wconf 90' lang='lat' dir='ltr'>a</span> <span class='ocrx_word' id='word_1_93' title='bbox 1735 1996 2266 2079; x_wconf 86' lang='lat' dir='ltr'>recentioribus</span> <span class='ocrx_word' id='word_1_94' title='bbox 2327 1998 2405 2072; x_wconf 86' lang='lat' dir='ltr'>in</span> 
     </span>
     <span class='ocr_line' id='line_1_15' title="bbox 284 2118 2485 2223; baseline 0.001 -31"><span class='ocrx_word' id='word_1_95' title='bbox 284 2118 693 2194; x_wconf 86' lang='lat' dir='ltr'>ordinanda</span> <span class='ocrx_word' id='word_1_96' title='bbox 734 2120 908 2218; x_wconf 83' lang='lat' dir='ltr'>juris</span> <span class='ocrx_word' id='word_1_97' title='bbox 945 2121 1228 2194; x_wconf 86' lang='lat' dir='ltr'>romani</span> <span class='ocrx_word' id='word_1_98' title='bbox 1266 2121 1531 2222; x_wconf 89' lang='lat' dir='ltr'>privati</span> <span class='ocrx_word' id='word_1_99' title='bbox 1557 2119 1983 2223; x_wconf 89' lang='lat' dir='ltr'>disciplina,</span> <span class='ocrx_word' id='word_1_100' title='bbox 2032 2119 2178 2218; x_wconf 78' lang='lat' dir='ltr'>jam</span> <span class='ocrx_word' id='word_1_101' title='bbox 2219 2146 2408 2222; x_wconf 87' lang='lat' dir='ltr'>qua-—</span> <span class='ocrx_word' id='word_1_102' title='bbox 2481 2206 2485 2219; x_wconf 33' lang='grc' dir='ltr'>Ι</span> 
     </span>
     <span class='ocr_line' id='line_1_16' title="bbox 286 2219 2405 2342; baseline 0.001 -28"><span class='ocrx_word' id='word_1_103' title='bbox 286 2243 616 2342; x_wconf 81' lang='lat' dir='ltr'>draginta</span> <span class='ocrx_word' id='word_1_104' title='bbox 686 2219 869 2315; x_wconf 70' lang='lat' dir='ltr'>fere⁸</span> <span class='ocrx_word' id='word_1_105' title='bbox 913 2240 1184 2316; x_wconf 84' lang='lat' dir='ltr'>abhinc</span> <span class='ocrx_word' id='word_1_106' title='bbox 1239 2244 1440 2317; x_wconf 82' lang='lat' dir='ltr'>annis</span> <span class='ocrx_word' id='word_1_107' title='bbox 1494 2259 1841 2318; x_wconf 84' lang='lat' dir='ltr'>mutatam</span> <span class='ocrx_word' id='word_1_108' title='bbox 1878 2299 1897 2332; x_wconf 90' lang='lat'>,</span> <span class='ocrx_word' id='word_1_109' title='bbox 1973 2236 2225 2315; x_wconf 81' lang='lat' dir='ltr'>inutile</span> <span class='ocrx_word' id='word_1_110' title='bbox 2298 2258 2405 2316; x_wconf 88' lang='lat' dir='ltr'>cst</span> 
     </span>
     <span class='ocr_line' id='line_1_17' title="bbox 289 2363 2408 2466; baseline -0.001 -26"><span class='ocrx_word' id='word_1_111' title='bbox 289 2364 378 2442; x_wconf 91' lang='lat' dir='ltr'>de</span> <span class='ocrx_word' id='word_1_112' title='bbox 433 2389 519 2440; x_wconf 85' lang='lat' dir='ltr'>ea</span> <span class='ocrx_word' id='word_1_113' title='bbox 587 2364 1007 2466; x_wconf 82' lang='lat' dir='ltr'>diligentius</span> <span class='ocrx_word' id='word_1_114' title='bbox 1064 2363 1217 2465; x_wconf 81' lang='lat' dir='ltr'>hoc.</span> <span class='ocrx_word' id='word_1_115' title='bbox 1268 2364 1439 2438; x_wconf 91' lang='lat' dir='ltr'>loco</span> <span class='ocrx_word' id='word_1_116' title='bbox 1529 2363 1951 2454; x_wconf 66' lang='lat' dir='ltr'>disserere,</span> <span class='ocrx_word' id='word_1_117' title='bbox 2016 2392 2186 2438; x_wconf 88' lang='lat' dir='ltr'>cum</span> <span class='ocrx_word' id='word_1_118' title='bbox 2247 2392 2408 2439; x_wconf 81' lang='lat' dir='ltr'>sen-</span> 
     </span>
     <span class='ocr_line' id='line_1_18' title="bbox 288 2487 2406 2592; baseline 0 -31"><span class='ocrx_word' id='word_1_119' title='bbox 288 2491 584 2563; x_wconf 87' lang='lat' dir='ltr'>tentiam</span> <span class='ocrx_word' id='word_1_120' title='bbox 640 2515 879 2563; x_wconf 89' lang='lat' dir='ltr'>meam</span> <span class='ocrx_word' id='word_1_121' title='bbox 954 2487 1092 2562; x_wconf 88' lang='lat' dir='ltr'>hac</span> <span class='ocrx_word' id='word_1_122' title='bbox 1152 2487 1246 2562; x_wconf 91' lang='lat' dir='ltr'>de</span> <span class='ocrx_word' id='word_1_123' title='bbox 1294 2515 1375 2562; x_wconf 88' lang='lat' dir='ltr'>re</span> <span class='ocrx_word' id='word_1_124' title='bbox 1428 2490 1503 2561; x_wconf 89' lang='lat' dir='ltr'>in</span> <span class='ocrx_word' id='word_1_125' title='bbox 1557 2489 1798 2592; x_wconf 85' lang='lat' dir='ltr'>prima</span> <span class='ocrx_word' id='word_1_126' title='bbox 1864 2488 2406 2562; x_wconf 84' lang='lat' dir='ltr'>Institutionum</span> 
     </span>
     <span class='ocr_line' id='line_1_19' title="bbox 286 2603 2408 2714; baseline -0 -31"><span class='ocrx_word' id='word_1_127' title='bbox 286 2638 621 2685; x_wconf 85' lang='lat' dir='ltr'>mearum</span> <span class='ocrx_word' id='word_1_128' title='bbox 683 2603 1001 2686; x_wconf 78' lang='lat' dir='ltr'>editione</span> <span class='ocrx_word' id='word_1_129' title='bbox 1045 2612 1189 2710; x_wconf 87' lang='lat' dir='ltr'>jam</span> <span class='ocrx_word' id='word_1_130' title='bbox 1231 2613 1705 2714; x_wconf 84' lang='lat' dir='ltr'>exposuerim</span> <span class='ocrx_word' id='word_1_131' title='bbox 1733 2610 2239 2714; x_wconf 80' lang='lat' dir='ltr'>‚plurimique</span> <span class='ocrx_word' id='word_1_132' title='bbox 2286 2609 2408 2683; x_wconf 86' lang='lat' dir='ltr'>di·-</span> 
     </span>
     <span class='ocr_line' id='line_1_20' title="bbox 285 2733 2401 2837; baseline -0.001 -29"><span class='ocrx_word' id='word_1_133' title='bbox 285 2733 851 2808; x_wconf 85' lang='lat' dir='ltr'>versissimarum</span> <span class='ocrx_word' id='word_1_134' title='bbox 916 2735 1263 2835; x_wconf 66' lang='lat' dir='ltr'>gentium¹</span> <span class='ocrx_word' id='word_1_135' title='bbox 1307 2736 1481 2833; x_wconf 88' lang='lat' dir='ltr'>juris</span> <span class='ocrx_word' id='word_1_136' title='bbox 1551 2736 1837 2837; x_wconf 85' lang='lat' dir='ltr'>romani</span> <span class='ocrx_word' id='word_1_137' title='bbox 1906 2734 2340 2836; x_wconf 84' lang='lat' dir='ltr'>interpretes</span> <span class='ocrx_word' id='word_1_138' title='bbox 2378 2788 2401 2822; x_wconf 87' lang='lat'>‚</span> 
     </span>
     <span class='ocr_line' id='line_1_21' title="bbox 287 2856 2485 2933; baseline -0 -3"><span class='ocrx_word' id='word_1_139' title='bbox 287 2859 758 2933; x_wconf 83' lang='lat' dir='ltr'>inveteratam</span> <span class='ocrx_word' id='word_1_140' title='bbox 803 2856 1001 2931; x_wconf 87' lang='lat' dir='ltr'>illam</span> <span class='ocrx_word' id='word_1_141' title='bbox 1054 2874 1126 2931; x_wconf 88' lang='lat' dir='ltr'>ct</span> <span class='ocrx_word' id='word_1_142' title='bbox 1169 2856 1575 2933; x_wconf 86' lang='lat' dir='ltr'>obsoletam</span> <span class='ocrx_word' id='word_1_143' title='bbox 1616 2858 2016 2933; x_wconf 77' lang='lat' dir='ltr'>secundum</span> <span class='ocrx_word' id='word_1_144' title='bbox 2060 2858 2409 2930; x_wconf 79' lang='lat' dir='ltr'>Pandec-</span> <span class='ocrx_word' id='word_1_145' title='bbox 2476 2866 2485 2876; x_wconf 88' lang='lat'>&#39;</span> 
     </span>
     <span class='ocr_line' id='line_1_22' title="bbox 288 2979 2409 3079; baseline 0.001 -27"><span class='ocrx_word' id='word_1_146' title='bbox 288 2998 525 3053; x_wconf 80' lang='lat' dir='ltr'>tarum</span> <span class='ocrx_word' id='word_1_147' title='bbox 555 2985 1166 3079; x_wconf 80' lang='lat' dir='ltr'>justinianearum</span> <span class='ocrx_word' id='word_1_148' title='bbox 1215 2981 1539 3055; x_wconf 75' lang='lat' dir='ltr'>ordinem</span> <span class='ocrx_word' id='word_1_149' title='bbox 1592 2979 1929 3055; x_wconf 87' lang='lat' dir='ltr'>tradendi</span> <span class='ocrx_word' id='word_1_150' title='bbox 1975 2979 2409 3056; x_wconf 84' lang='lat' dir='ltr'>methodum</span> 
     </span>
     <span class='ocr_line' id='line_1_23' title="bbox 286 3093 2112 3203; baseline 0 -29"><span class='ocrx_word' id='word_1_151' title='bbox 286 3097 717 3199; x_wconf 81' lang='lat' dir='ltr'>jamdudum</span> <span class='ocrx_word' id='word_1_152' title='bbox 764 3094 1260 3177; x_wconf 85' lang='lat' dir='ltr'>damnaverint</span> <span class='ocrx_word' id='word_1_153' title='bbox 1312 3093 1398 3176; x_wconf 84' lang='lat' dir='ltr'>ac</span> <span class='ocrx_word' id='word_1_154' title='bbox 1446 3101 1903 3178; x_wconf 86' lang='lat' dir='ltr'>deseruerint</span> <span class='ocrx_word' id='word_1_155' title='bbox 1955 3109 2112 3203; x_wconf 87' lang='lat'>(1).</span> 
     </span>
    </p>
   </div>
   <div class='ocr_carea' id='block_1_3' title="bbox 291 3271 2472 3498">
    <p class='ocr_par' dir='ltr' id='par_1_3' title="bbox 291 3271 2472 3498">
     <span class='ocr_line' id='line_1_24' title="bbox 380 3271 2472 3374; baseline 0.001 -29"><span class='ocrx_word' id='word_1_156' title='bbox 380 3271 955 3373; x_wconf 86' lang='lat' dir='ltr'>Disciplinarum</span> <span class='ocrx_word' id='word_1_157' title='bbox 992 3272 1230 3348; x_wconf 86' lang='lat' dir='ltr'>sorma</span> <span class='ocrx_word' id='word_1_158' title='bbox 1262 3288 1681 3374; x_wconf 85' lang='lat' dir='ltr'>temporum</span> <span class='ocrx_word' id='word_1_159' title='bbox 1713 3271 2021 3347; x_wconf 86' lang='lat' dir='ltr'>decursu</span> <span class='ocrx_word' id='word_1_160' title='bbox 2067 3275 2411 3347; x_wconf 81' lang='lat' dir='ltr'>immuta-</span> <span class='ocrx_word' id='word_1_161' title='bbox 2468 3274 2472 3278; x_wconf 69' lang='grc'>’</span> 
     </span>
     <span class='ocr_line' id='line_1_25' title="bbox 291 3395 2406 3498; baseline 0 -32"><span class='ocrx_word' id='word_1_162' title='bbox 291 3408 415 3467; x_wconf 77' lang='lat' dir='ltr'>tur</span> <span class='ocrx_word' id='word_1_163' title='bbox 439 3424 461 3481; x_wconf 91' lang='lat'>;</span> <span class='ocrx_word' id='word_1_164' title='bbox 483 3478 487 3481; x_wconf 40' lang='lat'>‚</span> <span class='ocrx_word' id='word_1_165' title='bbox 511 3411 882 3470; x_wconf 90' lang='lat' dir='ltr'>crescente</span> <span class='ocrx_word' id='word_1_166' title='bbox 915 3398 1176 3471; x_wconf 89' lang='lat' dir='ltr'>mentis</span> <span class='ocrx_word' id='word_1_167' title='bbox 1211 3395 1493 3473; x_wconf 89' lang='lat' dir='ltr'>cultura</span> <span class='ocrx_word' id='word_1_168' title='bbox 1531 3413 1837 3498; x_wconf 82' lang='lat' dir='ltr'>augetur</span> <span class='ocrx_word' id='word_1_169' title='bbox 1872 3453 1894 3484; x_wconf 90' lang='lat'><strong><em>,</em></strong></span> <span class='ocrx_word' id='word_1_170' title='bbox 1932 3397 2406 3484; x_wconf 85' lang='lat' dir='ltr'>emendatur;</span> 
     </span>
    </p>
   </div>
   <div class='ocr_carea' id='block_1_4' title="bbox 289 3677 2409 4207">
    <p class='ocr_par' dir='ltr' id='par_1_4' title="bbox 289 3677 2409 4207">
     <span class='ocr_line' id='line_1_26' title="bbox 382 3677 2403 3780; baseline 0.003 -34"><span class='ocrx_word' id='word_1_171' title='bbox 382 3687 409 3768; x_wconf 88' lang='lat'>(</span> <span class='ocrx_word' id='word_1_172' title='bbox 437 3690 506 3768; x_wconf 87' lang='grc' dir='ltr'>ι)</span> <span class='ocrx_word' id='word_1_173' title='bbox 552 3689 623 3749; x_wconf 90' lang='lat' dir='ltr'>In</span> <span class='ocrx_word' id='word_1_174' title='bbox 664 3677 996 3751; x_wconf 73' lang='lat' dir='ltr'>Germania</span> <span class='ocrx_word' id='word_1_175' title='bbox 1028 3691 1380 3774; x_wconf 84' lang='lat' dir='ltr'>paucissimi</span> <span class='ocrx_word' id='word_1_176' title='bbox 1408 3703 1681 3780; x_wconf 81' lang='lat' dir='ltr'>veterem</span> <span class='ocrx_word' id='word_1_177' title='bbox 1707 3711 1993 3753; x_wconf 84' lang='lat' dir='ltr'>normam</span> <span class='ocrx_word' id='word_1_178' title='bbox 2037 3702 2403 3773; x_wconf 84' lang='lat' dir='ltr'>sequuntur.</span> 
     </span>
     <span class='ocr_line' id='line_1_27' title="bbox 299 3794 2406 3879; baseline 0.003 -26"><span class='ocrx_word' id='word_1_179' title='bbox 299 3794 557 3875; x_wconf 84' lang='lat' dir='ltr'>Optime</span> <span class='ocrx_word' id='word_1_180' title='bbox 642 3811 859 3879; x_wconf 71' lang='lat' dir='ltr'>nuper,</span> <span class='ocrx_word' id='word_1_181' title='bbox 944 3799 1143 3860; x_wconf 84' lang='lat' dir='ltr'>totam</span> <span class='ocrx_word' id='word_1_182' title='bbox 1215 3798 1381 3860; x_wconf 84' lang='lat' dir='ltr'>hanc</span> <span class='ocrx_word' id='word_1_183' title='bbox 1475 3820 1607 3861; x_wconf 81' lang='lat' dir='ltr'>rem</span> <span class='ocrx_word' id='word_1_184' title='bbox 1688 3797 2038 3859; x_wconf 87' lang='lat' dir='ltr'>illustravit</span> <span class='ocrx_word' id='word_1_185' title='bbox 2109 3798 2406 3861; x_wconf 84' lang='lat' dir='ltr'>celeberr.</span> 
     </span>
     <span class='ocr_line' id='line_1_28' title="bbox 292 3901 2407 3989; baseline 0 -23"><span class='ocrx_word' id='word_1_186' title='bbox 292 3901 670 3979; x_wconf 67' lang='lat' dir='ltr'>BtonnEAU,</span> <span class='ocrx_word' id='word_1_187' title='bbox 722 3905 1163 3969; x_wconf 47' lang='lat' dir='ltr'>in„Academia</span> <span class='ocrx_word' id='word_1_188' title='bbox 1215 3909 1499 3970; x_wconf 82' lang='lat' dir='ltr'>Parisina</span> <span class='ocrx_word' id='word_1_189' title='bbox 1544 3909 1701 3989; x_wconf 83' lang='lat' dir='ltr'>ju&#39;ris</span> <span class='ocrx_word' id='word_1_190' title='bbox 1754 3906 1998 3970; x_wconf 77' lang='lat' dir='ltr'>romani</span> <span class='ocrx_word' id='word_1_191' title='bbox 2059 3906 2407 3989; x_wconf 84' lang='lat' dir='ltr'>professor,</span> 
     </span>
     <span class='ocr_line' id='line_1_29' title="bbox 289 4005 2409 4097; baseline 0.003 -31"><span class='ocrx_word' id='word_1_192' title='bbox 289 4005 357 4066; x_wconf 88' lang='lat' dir='ltr'>in</span> <span class='ocrx_word' id='word_1_193' title='bbox 426 4009 718 4071; x_wconf 79' lang='lat' dir='ltr'>Themide</span> <span class='ocrx_word' id='word_1_194' title='bbox 755 4058 787 4086; x_wconf 44' lang='lat'>‚&lt;</span> <span class='ocrx_word' id='word_1_195' title='bbox 843 4011 973 4078; x_wconf 87' lang='lat' dir='ltr'>vol.</span> <span class='ocrx_word' id='word_1_196' title='bbox 1028 4013 1162 4091; x_wconf 85' lang='lat' dir='ltr'>Vl,</span> <span class='ocrx_word' id='word_1_197' title='bbox 1212 4036 1376 4097; x_wconf 59' lang='lat' dir='ltr'>¹&gt;pag.</span> <span class='ocrx_word' id='word_1_198' title='bbox 1456 4013 1578 4096; x_wconf 69' lang='lat'>294</span> <span class='ocrx_word' id='word_1_199' title='bbox 1625 4024 1714 4090; x_wconf 25' lang='lat' dir='ltr'>ets</span> <span class='ocrx_word' id='word_1_200' title='bbox 1748 4034 1877 4096; x_wconf 86' lang='lat' dir='ltr'>seq.</span> <span class='ocrx_word' id='word_1_201' title='bbox 1936 4012 2097 4074; x_wconf 84' lang='lat' dir='ltr'>Vide</span> <span class='ocrx_word' id='word_1_202' title='bbox 2155 4014 2231 4073; x_wconf 84' lang='lat' dir='ltr'>de</span> <span class='ocrx_word' id='word_1_203' title='bbox 2286 4011 2409 4073; x_wconf 88' lang='lat' dir='ltr'>hoc</span> 
     </span>
     <span class='ocr_line' id='line_1_30' title="bbox 292 4103 2248 4207; baseline 0 -29"><span class='ocrx_word' id='word_1_204' title='bbox 292 4128 659 4196; x_wconf 80' lang='lat' dir='ltr'>argumento</span> <span class='ocrx_word' id='word_1_205' title='bbox 702 4119 911 4201; x_wconf 88' lang='lat' dir='ltr'>ipsum</span> <span class='ocrx_word' id='word_1_206' title='bbox 962 4118 1201 4207; x_wconf 31' lang='lat' dir='ltr'>librum·</span> <span class='ocrx_word' id='word_1_207' title='bbox 1234 4132 1562 4199; x_wconf 81' lang='lat' dir='ltr'>nostrum,</span> <span class='ocrx_word' id='word_1_208' title='bbox 1610 4141 1749 4205; x_wconf 84' lang='lat' dir='ltr'>pag.</span> <span class='ocrx_word' id='word_1_209' title='bbox 1815 4140 1984 4188; x_wconf 83' lang='lat'>120-</span> <span class='ocrx_word' id='word_1_210' title='bbox 2012 4140 2154 4181; x_wconf 86' lang='lat'>121..</span> <span class='ocrx_word' id='word_1_211' title='bbox 2247 4103 2248 4106; x_wconf 8' lang='grc' dir='ltr'><strong>Ἴ</strong></span> 
     </span>
    </p>
   </div>
  </div>
 </body>
</html>
