2893 4778
552 314 647 392 56
879 339 1390 390 comum-Anu
1440 338 1641 385 smus
1692 337 1978 387 nonum
2028 340 2351 389 ratum-1.

549 491 702 533 oum
751 462 967 531 multis
1019 461 1157 528 aliis
1208 463 1600 552 comparavit
1623 504 1649 539 ,
1684 484 1868 556 novae
1910 459 2211 528 editionis
2247 454 2667 533 conficiendas

550 603 732 647 causa
768 605 787 659 3
846 575 957 645 sed
1000 587 1145 641 ante
1177 598 1337 666 opus
1376 587 1658 666 coeptum
1698 576 1987 642 mortuus
2022 589 2140 642 est.
2200 579 2354 665 Ejus
2392 594 2563 647 notae
2597 586 2674 653 in

550 691 797 761 schedis
845 702 1178 782 supersunt
1216 701 1279 755 et
1303 691 1374 755 in
1402 713 1567 755 nova
1599 688 1881 756 editione
1922 689 2424 761 adhibebuntur.

644 821 744 873 2⁰..
783 805 1268 871 Institutionum
1289 800 1535 869 codices
1564 799 1829 893 quidam
1857 805 2277 895 antiquissimi
2294 822 2661 899 supersunt,

554 919 667 991 ωδ,
736 920 1068 987 novissime
1126 916 1385 984 demum
1445 914 1680 981 detecti
1737 920 1757 1000 (
1789 943 1811 983 1
1839 922 1881 999 ).
1956 916 2267 986 Criticam
2319 920 2672 988 editionem

557 1039 799 1128 primus
828 1032 1115 1124 vulgavit
1132 1031 1190 1096 J.
1214 1028 1543 1121 Chappuis
1567 1033 1656 1113 (2)
1688 1030 1963 1112 (Parisiis
1999 1030 2188 1117 1503)
2215 1059 2233 1114 ·,
2275 1046 2504 1099 secutae
2520 1048 2676 1108 sunt

558 1146 999 1237 Haloandrina
1021 1197 1039 1226 ‚
1091 1144 1258 1235 1529
1278 1196 1293 1223 ,
1322 1142 1660 1209 Gontianae
1701 1143 1867 1210 1560
1900 1157 1966 1210 et
1995 1145 2158 1236 1567
2183 1198 2199 1226 ‚
2240 1159 2305 1213 et
2325 1146 2674 1231 Cujaciana

571 1261 733 1330 1585
777 1262 945 1346 (3),
985 1283 1127 1351 quae
1151 1258 1478 1349 Gottingae
1523 1281 1686 1348 1772
1707 1310 1724 1337 ,
1757 1259 1828 1323 in
1847 1261 1941 1325 8⁰.
1971 1272 2036 1325 et
2065 1261 2232 1350 1776
2261 1263 2330 1325 in
2360 1261 2459 1328 ed.
2495 1287 2677 1355 corp.

558 1382 682 1465 jur.
718 1376 930 1442 denuo
964 1374 1286 1467 publicata
1314 1376 1822 1465 praestantissima
1855 1375 2079 1440 haberi
2117 1375 2301 1442 solita
2337 1389 2490 1443 erat.

652 1488 1034 1580 Nuperrime
1078 1489 1295 1553 critica
1338 1486 1538 1554 editio
1585 1485 1872 1553 Berolini
1913 1489 2078 1554 1812
2123 1515 2160 1554 a
2196 1490 2467 1556 Bienero
2501 1489 2676 1558 facta

561 1612 653 1666 est
671 1651 686 1678 ‚
725 1598 975 1664 Parisiis
1019 1598 1181 1662 1822
1207 1595 1480 1669 reddita.
1521 1598 1560 1663 J
1564 1623 1670 1663 am
1694 1622 1927 1682 novam
1946 1602 2233 1666 criticam
2252 1603 2677 1695 omnibusque

563 1714 843 1791 numeris
888 1709 1237 1778 absolutam
1274 1711 1762 1779 Institutionum
1797 1711 2145 1780 editionem
2176 1729 2597 1807 expectamus

658 1827 759 1893 3⁰.
782 1826 1002 1894 Minor
1013 1851 1166 1892 cura
1181 1824 1403 1892 Codici
1429 1827 1511 1891 ab
1528 1826 1876 1893 editoribus
1896 1826 2184 1894 adhibita
2201 1842 2310 1895 est.
2330 1828 2522 1895 Nulla
2545 1831 2680 1896 ha·-

572 1944 794 2008 bemus
834 1967 1032 2007 manu
1073 1941 1304 2032 scripta
1341 1940 1728 2032 exemplaria
1764 1945 1898 2029 ejus
1944 1942 2320 2009 notabiliora
2368 1945 2504 2029 (4).
2548 1946 2684 2011 Ite-

573 2082 729 2138 rum·
747 2053 1112 2130 Holoander
1131 2055 1381 2146 primus
1406 2056 1697 2120 criticam
1727 2053 1901 2121 dedit
1929 2060 2064 2143 ejus
2088 2056 2434 2123 editionem
2475 2058 2682 2142 1530;

574 2183 721 2263 post
758 2195 908 2236 eum
932 2167 1277 2235 Russardus
1322 2168 1477 2235 1561
1501 2219 1519 2249 ,
1554 2172 1636 2237 A.
1662 2167 1931 2235 Contius
1979 2172 2359 2259 15591-1562
2399 2184 2466 2237 et
2502 2169 2685 2237 Cha'-

581 2284 812 2353 rondas
859 2285 1046 2351 1580.
1098 2281 1272 2351 Illud
1321 2296 1538 2350 autem
1583 2283 1935 2349 notandum
1953 2335 1971 2363 ‚
2008 2285 2088 2349 ab
2126 2285 2293 2350 hisce
2337 2284 2690 2352 editoribus

581 2399 793 2493 plures
845 2401 1319 2470 constitutiones
1352 2400 1421 2463 in
1479 2401 1920 2491 manuscriptis
1964 2398 2283 2466 codicibus
2309 2414 2373 2467 et
2408 2397 2690 2493 antiquis

583 2515 971 2598 editionibus
991 2514 1354 2581 deficientes
1383 2539 1419 2581 e
1442 2519 1663 2607 graecis
1691 2518 2035 2594 restitutas,
2058 2519 2316 2581 insertas
2347 2541 2499 2595 esse,
2540 2540 2690 2606 quae

586 2629 875 2696 locorum
914 2653 1043 2695 non
1078 2628 1494 2719 glossatorum
1526 2654 1794 2695 numero
1826 2642 1990 2695 sunt.
2018 2617 2496 2697 Recentioribus
2527 2642 2663 2694 tem
2676 2670 2698 2680 —

591 2745 852 2836 poribus
878 2745 1099 2809 critica
1145 2741 1401 2809 Codicis
1436 2747 1742 2809 correctio
1781 2742 2070 2835 neglecta
2112 2756 2229 2810 est.
2272 2739 2593 2834 Perpauca
2623 2747 2698 2810 in

592 2860 928 2927 novissima
954 2861 1082 2944 ejus
1106 2857 1383 2926 editione
1410 2857 1732 2949 Gottingae
1772 2881 1933 2949 ¹797
1955 2858 2148 2938 facta,
2167 2856 2498 2924 emendata
2525 2872 2694 2925 sunt.

684 3180 705 3258 (
729 3180 790 3259 1)
844 3179 1004 3239 Sunt
1033 3250 1037 3254 ⁵
1074 3177 1330 3250 Codices
1396 3177 1870 3258 Bambergensis.
1919 3187 1983 3238 et
2028 3176 2469 3261 Taurinensis„
2527 3175 2702 3238 Vide

600 3288 925 3352 Schraderi
942 3335 961 3361 ,
985 3286 1360 3347 Prodromus
1380 3306 1554 3345 novae
1573 3283 1671 3345 ed.
1691 3305 1859 3366 corp.
1886 3286 2002 3364 jur.
2042 3283 2215 3345 1823.
2248 3306 2314 3365 p.
2338 3281 2416 3344 38
2434 3330 2450 3358 ,
2474 3293 2535 3343 et
2555 3304 2692 3366 seq.

600 3461 610 3472 ‚
652 3423 800 3499 -(2)
846 3422 918 3479 In
983 3417 1412 3499 antiquissima
1473 3415 1749 3476 editione
1798 3414 2263 3504 Institutionum
2322 3414 2700 3475 Lovaniensi

600 3522 1035 3607 ·1475‚·multi
1080 3522 1320 3586 codices
1370 3520 1639 3582 consulti
1682 3542 1813 3582 esse
1862 3522 2166 3582 dicuntur
2195 3568 2213 3598 ,
2268 3519 2434 3604 quod
2475 3541 2699 3607 verum

610 3654 773 3707 esse,
814 3652 949 3691 eam
1004 3638 1427 3710 comparantes
1453 3629 1872 3709 cognovimus.
1897 3626 2236 3710 Exemplar
2259 3628 2388 3709 ejus
2422 3638 2718 3688 servatur

594 3739 674 3808 ,in
718 3735 1096 3798 bibliotheca
1145 3733 1490 3802 academica
1532 3734 1952 3797 Gandavensi.

695 3868 799 3947 (3)
844 3865 1095 3928 Ber-rial
1151 3865 1504 3939 St.-Prix‚
1565 3888 1630 3947 p.
1698 3865 1811 3927 261
1846 3914 1863 3943 ‚
1922 3865 2020 3928 bis
2070 3887 2234 3928 anno
2304 3857 2496 3942 1585,
2562 3885 2707 3928 eam

612 3972 843 4033 editam
884 3994 1014 4033 esse
1054 3970 1273 4032 in-fol.
1315 3980 1381 4032 et
1419 3973 1656 4032 in-120.
1687 4018 1704 4043 ,
1754 3972 2072 4037 observat.

695 4102 803 4185 (4)
848 4105 1099 4164 Bet-rial
1134 4105 1431 4164 St.-Prix
1459 4144 1484 4178 ,
1530 4103 1580 4166 l.
1620 4126 1719 4180 c.,
1758 4127 1820 4187 p,
1867 4107 2010 4165 260.
