2893 4778
446 245 592 349 596
753 271 1261 321 counitur-&Ru
1309 274 1511 321 smus
1566 273 1846 321 nouam
1898 275 2213 323 rmum.

532 417 595 459 c.
642 395 769 461 Pro
815 393 1047 461 herede
1093 392 1367 485 denique
1392 394 1666 487 possidet
1699 399 1751 461 is
1774 448 1791 475 ‚
1843 398 1958 488 qui
1991 421 2054 463 se
2091 394 2393 464 heredem
2414 419 2551 487 pu-

448 520 587 574 tans
628 511 1073 598 possessionem
1135 522 1358 573 nactus
1400 522 1496 574 est
1528 535 1547 591 3
1590 509 1844 576 fortasse
1901 512 2209 602 quoniam
2249 510 2554 577 vitiosum

447 643 572 687 esse
642 634 1090 698 testamentum
1148 622 1569 715 ignorabatur
1593 674 1609 702 ‚
1673 638 1785 692 aut
1830 626 2235 715 proximioris
2294 626 2556 714 cognati

451 738 779 801 existentia
821 737 887 816 (1
916 742 957 819 ).
1008 736 1199 803 Hunc
1247 759 1346 802 res
1379 737 1700 829 singulas,
1739 763 1946 832 neque
1990 763 2140 806 vero
2185 736 2559 808 hereditatis

427 850 923 916 ‘universitatem
969 835 1088 934 (2)
1124 874 1468 943 usucapere
1518 876 1693 944 posse
1744 864 2017 935 constat3
2061 851 2409 922 dummodo
2451 851 2555 920 sui

449 963 709 1030 heredes
736 987 869 1030 non
900 964 1174 1031 existunt
1197 966 1340 1051 (3).
1377 966 1470 1032 At
1521 992 1557 1032 a
1601 990 1751 1033 vero
1779 966 2014 1033 herede
2054 980 2403 1037 conventus
2428 991 2561 1036 sese

449 1077 850 1167 usucapionis
892 1091 1208 1169 praetextu
1240 1078 1577 1146 defendere
1614 1106 1747 1147 non
1777 1094 1979 1175 potest
2025 1080 2165 1167 (4).

542 1189 784 1257 Eadem
826 1205 1141 1284 praecepta
1177 1193 1566 1262 observanda
1604 1209 1751 1263 sunt
1787 1196 1866 1262 de
1903 1220 1980 1264 eo
1999 1246 2016 1276 ‚
2048 1205 2160 1290 qui
2200 1220 2319 1293 pro
2346 1196 2563 1265 bono-

451 1329 601 1371 rum
641 1328 985 1396 possessore
1026 1303 1300 1397 possidet
1343 1310 1484 1391 (5).

545 1419 702 1487 256.
751 1420 876 1486 Pro
929 1418 1230 1488 derelicto
1276 1424 1567 1515 usucapit
1595 1474 1612 1503 ,
1656 1425 1770 1516 qui
1813 1446 1948 1488 rem
2003 1448 2042 1490 a
2101 1436 2236 1489 non
2292 1421 2565 1490 domino

458 1532 820 1601 derelictam
865 1531 1179 1624 possidet3
1228 1532 1400 1599 nulla
1439 1532 1847 1601 derelictione
1885 1535 2346 1603 interveniente
2365 1586 2382 1612 ,
2425 1535 2565 1603 haec

458 1648 760 1738 usucapio
799 1658 1025 1727 cessat,
1072 1645 1220 1712 licet
1247 1672 1385 1714 rem
1414 1660 1488 1713 ut
1525 1645 1889 1714 derelictam
1930 1672 2236 1745 possessor
2283 1673 2570 1746 occupa-

458 1763 624 1830 verit
674 1762 811 1844 (6).
861 1761 986 1827 Pro
1037 1759 1246 1827 soluto
1315 1764 1606 1854 usucapit
1675 1767 1790 1853 (7)
1863 1764 1973 1856 qui
2032 1788 2170 1829 rem
2236 1762 2570 1833 solutionis

459 1902 645 1945 causa
691 1874 990 1942 traditam
1022 1876 1265 1967 accepit
1288 1877 1307 1954 ,⁴
1350 1878 1480 1943 sive
1515 1872 1826 1967 obligatio
1865 1880 2000 1962 jure
2054 1873 2262 1943 valida
2304 1901 2571 1973 praeces-

459 1993 640 2069 serit,
677 1990 807 2058 sive
836 2015 965 2055 non
1010 1993 1030 2075 (
1056 1992 1153 2074 8).
1197 1991 1301 2056 Ex
1333 2014 1517 2056 causa
1552 1991 1844 2057 emtionis
1872 2015 1993 2088 pro
2024 1989 2230 2062 soluto
2265 1989 2568 2089 usucapio

461 2103 675 2173 locum
720 2105 953 2171 habere
1010 2129 1144 2172 non
1198 2116 1407 2197 potest
1455 2108 1598 2195 (9).

550 2504 663 2583 (1)
704 2502 774 2562 L.
830 2522 944 2585 29,
975 2501 1155 2584 33‚§
1202 2523 1269 2577 1,
1310 2500 1389 2561 D.
1420 2496 1494 2577 41
1526 2499 1659 2576 ,3‚
1706 2499 1835 2579 (de
1872 2521 2128 2583 usucap.
2186 2510 2251 2560 et
2289 2497 2571 2580 usurp.).

550 2616 669 2686 (2)
714 2609 825 2669 Est
883 2611 1052 2669 enim
1114 2629 1213 2670 res
1273 2606 1730 2691 incorporalis3
1777 2608 2005 2695 Seneca
2033 2655 2049 2684 ‚
2092 2608 2169 2672 de
2204 2606 2519 2668 beneficiis
2552 2650 2569 2678 ,

468 2712 582 2776 lib.
644 2713 771 2790 Vl,
832 2736 885 2775 c.
952 2711 1011 2775 5.

556 2821 654 2899 (3)
695 2819 765 2880 L.
813 2841 850 2879 2
888 2867 905 2893 ‚
951 2819 1019 2880 C.
1064 2819 1133 2880 b.
1181 2830 1232 2881 t.
1292 2819 1359 2881 Si
1416 2840 1487 2880 ex
1535 2829 1902 2881 testamento
1943 2818 2233 2880 heredem
2281 2840 2345 2879 se
2394 2828 2575 2901 putat

470 2928 822 2987 testamenti
863 2927 1195 2987 factionem
1246 2926 1476 2987 habeat
1502 2973 1520 3003 ‚
1547 2948 1789 2987 necesse
1827 2937 1958 3005 est3
1988 2925 2035 2986 l.
2082 2925 2121 3003 4
2156 2975 2172 3000 ,
2213 2927 2292 2985 D.
2328 2925 2393 2984 h.
2443 2935 2492 2985 t.

555 3030 668 3111 (4)
711 3034 779 3091 L.
813 3030 853 3109 4
880 3078 903 3105 ‚
947 3032 1015 3092 C.
1069 3055 1102 3115 7
1130 3080 1147 3108 ‚
1197 3031 1278 3110 34
1320 3033 1445 3112 (in
1500 3033 1675 3116 quib.
1720 3022 1920 3094 causis
1951 3041 2145 3093 cessat
2194 3031 2368 3112 longi
2413 3042 2579 3113 tem-

421 3146 422 3149 ’
471 3138 641 3223 p'oris
668 3138 1157 3222 praesci·iptio)3
1202 3136 1245 3198 l.
1294 3162 1326 3222 7
1366 3139 1435 3200 C.
1486 3140 1521 3199 3
1549 3188 1566 3216 ,
1630 3142 1744 3214 32,
1792 3140 1912 3219 (de
1957 3141 2048 3203 rei
2093 3139 2411 3220 vindic.).

559 3247 677 3329 (5)
719 3248 785 3307 L.
824 3249 961 3324 -33,
1018 3247 1045 3330 §
1097 3270 1119 3309 1
1154 3247 1302 3325 ‚·D.
1350 3246 1422 3326 41
1467 3295 1485 3325 ,
1524 3249 1604 3323 3,
1651 3251 1758 3309 cit.

556 3353 663 3436 (6)
706 3357 785 3416 D.
823 3354 895 3434 41
929 3403 949 3430 ,
980 3376 1057 3439 73
1088 3357 1362 3417 Pothier
1384 3403 1402 3433 ‚
1433 3371 1528 3417 n0.
1553 3353 1670 3434 663
1705 3354 2189 3429 Unterholzner,
2220 3354 2250 3437 ᾗ
2277 3375 2355 3441 27
2391 3367 2483 3414 n0.
2514 3352 2576 3415 8.

551 3462 667 3546 (7)
711 3443 781 3552 L.
837 3458 947 3539 46-
950 3458 1033 3544 49
1086 3465 1165 3521 D.
1228 3460 1358 3540 41,
1422 3465 1494 3540 33
1554 3462 1783 3545 quibus
1840 3462 2204 3544 fragmentis
2260 3464 2329 3523 in
2388 3461 2580 3522 variis

473 3569 908 3651 manuscriptis
952 3558 1269 3629 codicibus
1305 3569 1553 3631 rubrica
1580 3571 1684 3630 tit.
1717 3591 1833 3652 pro
1859 3569 2064 3630 soluto
2092 3568 2412 3655 proposita
2444 3577 2573 3646 est,

471 3666 778 3751 Pothier,
851 3697 913 3736 n.
960 3674 1089 3753 84·
1075 3719 1093 3753 ,
1150 3674 1639 3751 Unterlzolzner,
1688 3675 1717 3758 §
1776 3696 1851 3760 27
1903 3699 1969 3737 n.
2024 3675 2085 3739 5.

559 3779 680 3864 (8)
724 3781 957 3842 Contra
999 3782 1264 3844 indebiti
1323 3783 1786 3845 condictionem
1834 3795 2043 3845 tamen
2091 3782 2222 3845 haec
2281 3781 2579 3865 usucapio

475 3909 600 3949 non
646 3887 920 3969 prodest.

560 3994 665 4077 (9)
705 3996 773 4053 L.
825 3993 905 4071 48
957 3997 1036 4057 D.
1082 3992 1207 4074 41,
1252 3997 1289 4057 3
1328 4046 1346 4076 ‚
1391 4001 1497 4094 cit.
1524 4020 1544 4078 3
1574 3999 1620 4062 l.
1662 4021 1696 4060 2
1725 4023 1788 4086 p.
1824 4048 1843 4078 ,
1876 4003 1954 4063 D.
1983 3997 2057 4077 41
2087 4047 2107 4076 ‚
2147 3995 2190 4076 4
2233 3996 2370 4081 (tit.
2404 3997 2575 4078 eit).
