2893 4778
888 288 1411 339 INTRODUCTIO.
2073 292 2099 341 l
2113 296 2209 369 09

169 415 315 508 gelius
339 417 357 499 (
374 440 458 484 m.
486 413 645 484 1600
673 416 694 498 )
723 462 742 494 ,
769 412 988 479 Herm.
1015 410 1312 499 Vulteius
1333 462 1351 492 ,
1378 413 1548 478 inter
1574 414 1818 503 primos
1855 417 2097 483 n'ovum
2137 421 2207 484 in

168 527 387 594 ordinem
419 531 571 616 juris
600 538 915 620 praecepta
951 524 1309 617 redigentes
1348 529 1469 608 (m.
1509 523 1715 610 1634)
1760 537 1823 591 et
1855 527 1955 592 Jo.
1986 526 2207 620 Harp-

168 644 331 734 precht
377 650 492 730 (m.
544 642 746 733 1639)
779 693 794 723 ,
837 654 1096 707 extenso
1143 643 1213 706 in
1261 639 1699 707 Institutiones
1747 646 2206 710 commentario

169 757 329 826 clarus.
551 769 554 772 ’
1393 763 1398 766 ’

228 874 467 939 Durante
493 869 720 939 saeculo
766 870 964 939 XVII
998 922 1013 950 ‚
1068 869 1376 937 Germani
1414 870 1767 962 jurisperiti
1813 895 1935 964 pro
1974 870 2221 939 sorensi‘

172 1010 361 1077 quoque
401 1012 513 1053 usu
557 988 770 1079 potius
803 1037 820 1064 ‚
869 1010 1064 1076 quam
1115 983 1197 1050 ad
1250 985 1409 1072 juris
1459 996 1661 1051 artem
1704 987 2208 1077 promovendam

173 1099 477 1190 scripserunt
507 1151 523 1179 ‚
569 1112 636 1164 et
677 1100 748 1162 in
795 1121 872 1162 eo
902 1096 1253 1189 plurimam
1299 1110 1561 1190 operam
1624 1096 2023 1165 collocarunt
2066 1150 2084 1179 ,
2135 1113 2209 1167 ut

171 1216 382 1300 patrium
423 1216 518 1301 jus
567 1212 999 1304 indagarent,
1035 1223 1100 1277 et
1146 1209 1225 1277 de
1270 1234 1347 1276 eo
1394 1235 1547 1278 cum
1594 1214 1748 1299 juris
1792 1216 2042 1279 romani
2090 1238 2210 1282 usu

174 1320 538 1415 conjungendo
574 1321 903 1388 studerent
935 1348 953 1405 ;
987 1320 1161 1387 unde
1202 1318 1312 1386 illa
1347 1319 1661 1387 librorum
1696 1327 1850 1408 juris
1896 1347 2210 1391 romano-

173 1441 465 1522 germanici
505 1434 896 1516 multitudo}
965 1436 1037 1504 in
1091 1435 1224 1504 dies
1278 1459 1564 1503 crescens
1619 1460 1819 1529 usque
1877 1436 1959 1505 ad
1996 1439 2209 1506 saeculi

177 1548 337 1618 XVIII
374 1550 582 1617 finem.

235 1666 613 1735 Plurimorum
645 1665 1253 1757 'jurisconsultorum
1299 1668 1567 1733 nomina
1609 1667 1818 1733 saeculi
1869 1669 2064 1736 XVII
2106 1695 2209 1737 ce·-

181 1776 431 1850 leberrima
471 1797 620 1852 sunt
659 1782 833 1850 sacta
870 1834 888 1864 ‚
937 1805 1288 1874 eorumque
1336 1806 1472 1848 non
1529 1784 1765 1874 exigua
1826 1797 1962 1850 erat
2012 1787 2209 1853 etiam

183 1893 226 1959 in
260 1897 380 1963 foris
430 1913 608 1968 extra
671 1899 1086 1965 Germaniam
1137 1900 1501 1965 auctoritaS.
1573 1899 1716 1965 Hoc
1776 1899 1916 1967 loco
1983 1908 2208 1968 nomi-

183 2009 315 2075 nandi
362 2027 495 2081 sunt
553 2042 571 2079 τ
626 2014 891 2079 Hieron.
952 2012 1336 2079 'Treutlerus
1406 2017 1536 2098 (m.
1608 2013 1878 2104 1607),
1951 2019 2210 2106 ejusque

185 2123 558 2195 commentator
636 2127 823 2193 Rein.
911 2127 1270 2195 Bachovius
1331 2127 1417 2191 ‘ab
1500 2128 1674 2193 Echt
1747 2133 1764 2210 (
1798 2153 1889 2193 m.
1976 2129 2138 2194 1635
2167 2137 2212 2212 ).

183 2233 286 2303 Just.
330 2242 512 2308 Meier
563 2241 771 2310 clarus
816 2266 1007 2334 opere
1037 2292 1054 2321 ,
1109 2239 1375 2333 collegii
1407 2240 2015 2333 Argentoratenszls·
2035 2294 2051 2323 ,
2099 2263 2213 2308 sae-·

183 2351 359 2439 pissime
394 2356 583 2428 edito·
646 2358 796 2423 Ben.
844 2356 1233 2449 Carpzovius
1282 2362 1422 2440 (m.
1487 2355 1730 2440 1666),
1783 2355 1860 2421 de
1901 2360 2039 2443 jure
2078 2360 2211 2423 cri-

184 2466 338 2535 minali
394 2471 836 2540 famosissimus
893 2485 1117 2539 auctor
1146 2524 1164 2551 ‚
1233 2475 1491 2562 ejusque
1574 2469 1961 2537 adversarius
2016 2474 2207 2539 Joan.

183 2576 506 2653 Brunemann
570 2591 708 2671 (m.
774 2587 941 2677 1672'
968 2593 1010 2671 ).
1092 2587 1386 2677 Denique
1463 2583 1801 2652 omittendi
1865 2598 2001 2652 non‘
2066 2600 2243 2654 sunt‘

183 2689 291 2761 Dav.
335 2699 565 2767 Mevius
627 2706 763 2785 (m.
847 2699 1119 2790 1670),
1194 2704 1373 2788 cujus
1437 2698 1830 2766 decisionum
1886 2699 2216 2767 volumina

182 2809 375 2875 maximi
419 2815 850 2895 aestimmtur3
882 2812 1115 2878 FranC.
1150 2810 1525 2880 Strauchius
1547 2813 1763 2898 junior
1799 2817 1922 2895 (m.
1968 2812 2211 2898 1680);
2298 2818 2303 2821 ’

181 2913 379 2989 loannes
416 2925 762 2993 Schilterus
808 2924 1266 3021 eruditissimus
1316 2927 1762 2993 Universitatis
1814 2926 2218 3018 Argentora-

182 3036 313 3102 leusis
336 3040 634 3129 professor
666 3046 786 3125 (m.
827 3039 987 3132 1705
1007 3047 1051 3128 ).
1077 3039 1191 3111 W.
1223 3044 1312 3107 A.
1339 3039 1836 3107 Lauterbachius
1866 3046 1981 3126 (m.
2022 3042 2213 3129 1680)

181 3155 224 3209 et
258 3146 318 3214 G.
364 3155 435 3219 A.
479 3156 776 3225 Struvius
825 3161 942 3242 (m.
995 3155 1158 3244 1692
1180 3161 1201 3242 )
1227 3207 1244 3236 ,
1305 3179 1587 3247 quorum
1647 3155 2027 3247 compendia
2083 3182 2253 3224 non·

182 3256 352 3346 Solum,
389 3269 491 3336 sed
532 3270 1222 3338 etiamdissertationes
1240 3323 1256 3351 ‚
1303 3273 1475 3337 inter
1507 3267 1832 3336 utilissima
1859 3271 2224 3338 reseruntur

183 3367 233 3437 de
264 3379 373 3461 jure
421 3407 686 3451 romano
741 3409 951 3478 opera.
1021 3383 1263 3452 Multos
1332 3383 1486 3451 alios
1510 3436 1527 3463 ‚
1595 3382 1697 3451 vel
1748 3384 1920 3478 apud
1973 3398 2220 3453 exteros

184 3488 332 3559 minu's
368 3501 649 3590 cognitos
666 3551 683 3580 ,
713 3498 815 3569 vel
844 3498 924 3567 de
948 3496 1085 3566 aliis
1111 3501 1271 3588 juris
1296 3498 1585 3594 partibus
1617 3503 1909 3583 meritoS‚
1944 3502 2217 3568 transire

183 3596 316 3678 liccat
354 3620 374 3699 (
401 3622 494 3703 1).

194 3769 2207 3807 ΜΝ,

239 3899 290 3977 (ῐ
315 3904 331 3983 )
366 3907 685 3973 Nominare
719 3921 923 3972 tamen
954 3910 1045 3970 fas
1074 3911 1155 3970 sit
1183 3905 1522 3968 Hem-icum
1551 3905 1627 3964 de
1653 3904 1898 3983 C'occeji
1940 3901 2217 3987 (patrem

187 3998 504 4097 Samuelis),
546 4018 664 4081 Ch.
704 4017 1198 4094 Waechtlerum‚
1226 4015 1304 4097 J..
1332 4013 1412 4074 H.
1452 4015 1547 4073 De
1580 4013 1826 4094 Berger.
1870 4010 1953 4071 V.
1996 4012 2226 4109 Hugo,

188 4107 491 4206 §281-309.
539 4128 631 4186 ne
675 4112 1182 4199 iltis‘naubom,
1234 4144 1295 4182 n.
1352 4118 1714 4196 cxxmx,
1760 4130 1822 4179 et
1878 4139 2008 4201 seq.
