2893 4778
862 311 1078 361 mmza
1132 312 1331 360 1‚„.....
1374 266 1532 361 c'Ar.
1585 312 1640 359 1.
1708 330 1719 338 ·
2166 281 2303 356 155

202 457 461 504 numen)
489 433 767 528 raliquid
806 439 1109 504 statuitur
1140 465 1171 517 ,·
1200 436 1575 504 constitutio
1627 427 1973 527 personalis
2030 428 2299 509 dicitur,

202 573 339 641 quae
376 543 786 642 privilegium
819 548 1114 617 concedit
1157 548 1258 618 vel
1293 551 1536 641 irrogat
1571 552 1636 632 (1
1666 555 1708 634 ).
1778 589 1784 599 =

284 688 350 755 9.
408 665 649 756 Incipit
725 663 884 756 legis
943 666 1146 731 virtus
1195 677 1536 740 ,momento
1579 714 1594 743 ‚
1636 686 1790 754 {quo
1843 657 2246 752 promulgata
2278 708 2309 737 .,

200 780 239 845 i.
293 804 348 846 e.
399 780 857 873 publicationis
904 804 1132 846 norma
1215 780 1286 844 in
1323 780 1612 847 civitate
1652 789 1924 867 recepta
1987 775 2309 868 publicata

198 906 286 961 est
355 899 491 981 (2).
537 947 544 952 .
584 894 724 961 Hac
795 915 930 960 non
968 885 1330 962 'observata
1380 891 1583 958 »illam
1664 890 2112 984 obligatoriam
2173 914 2310 957 non

199 1025 355 1089 esse,
400 1005 749 1074 dicendum
785 1019 908 1074 est.
980 1009 1172 1083 Recte
1231 1005 1584 1099 publicatas
1641 1004 1813 1096 leges
1879 1027 2098 1071 omnes
2150 1010 2309 1078 sciro

202 1134 488 1212 oportet,
529 1146 651 1187 nec
693 1120 1026 1200 audietur,
1072 1120 1386 1215 quivlegis
1419 1122 1782 1212 ignorantia
1823 1119 2106 1183 excusari
2138 1114 2310 1181 desi-

201 1233 373 1302 derat
427 1236 570 1320 (3).
618 1234 760 1325 Qui
800 1234 994 1302 fuerit
1038 1234 1265 1330 modus
1304 1224 1486 1327 leges'
1520 1231 1886 1326 publicandi
1933 1229 2108 1323 apud
2168 1230 2307 1295 Ro·-

202 1374 420 1417 manos
457 1348 717 1417 diversis
740 1350 1132 1442 temporibus
1160 1330 1427 1417 usitatus
1438 1360 1901 1442 ,compertum
1929 1370 2063 1413 nou
2102 1344 2267 1410 habe
2304 1388 2311 1394 -
2394 1405 2398 1410 .

201 1486 352 1532 mus,
393 1468 863 1556 Imperatorum
924 1455 1404 1531 constitutiones
1457 1461 1652 1554 vulgo
1705 1461 1786 1528 ad
1831 1460 2312 1553 provinciarum

202 1574 490 1666 praesides
535 1574 995 1681 mittebantur,
1028 1575 1235 1643 edicta
1292 1576 1781 1668 magistratuum
1832 1577 1903 1640 in
1957 1574 2100 1640 albo
2129 1597 2313 1667 pro·-

203 1691 621 1779 ponebantur.
1938 1701 1963 1714 f

296 1828 393 1873 10.
437 1807 646 1897 Leges
686 1802 931 1872 diverso
993 1804 1186 1873 modo
1238 1803 1633 1873 dividuntur.
1684 1801 1906 1896 Vulgo
1955 1802 2309 1869 secundum

207 1918 634 1986 Modestinum
667 1920 736 1984 in
757 1920 1139 2012 imperantes
1158 1972 1173 2000 ‚
1195 1933 1508 2001 vetanteS‚
1537 1921 1932 2014 permissivas
1951 1932 2016 1984 et
2040 1917 2318 2010 poenalesv

208 2031 704 2128 distinguuntur.
757 2034 1041 2125 Sequens
1100 2047 1314 2104 autem
1355 2059 1486 2127 -pro
1542 2039 1682 2123 jure
1740 2035 1991 2128 privato
2054 2035 2313 2124 gravior

206 2142 414 2237 legum
459 2146 787 2213 distinctio
828 2160 956 2231 est·,
1006 2172 1108 2244 eas
1152 2147 1393 2215 scilicet
1437 2172 1565 2213 esse
1610 2161 1720 2213 aut
1777 2172 2156 2213 coenemus
2197 2159 2310 2211 aut

204 2285 576 2330 »mestuus
601 2313 617 2340 ‚
673 2286 801 2327 ,seu
857 2261 1312 2331 neum-Arrun·-
1391 2260 1705 2351 Quaedam
1762 2263 1937 2326 enim
1993 2258 2162 2350 leges
2222 2262 2313 2324 ita

206 2378 439 2473 aliquid
466 2369 728 2473 privatis
751 2383 1159 2476 praecipiunt,
1201 2395 1274 2448 ut
1294 2382 1393 2447 his
1429 2407 1467 2447 a
1494 2406 1719 2447 norma
1748 2380 1989 2446 sancita
2022 2375 2312 2443 recedere

205 2518 329 2561 non
353 2495 583 2577 liceat,
619 2497 749 2565 sive
787 2495 1080 2564 faciendo
1105 2547 1121 2576 ‚
1154 2491 1282 2565 sive
1313 2494 1726 2580 ‘omittend03
1784 2495 1938 2583 juris
1979 2492 2314 2583 negotium
2428 2550 2431 2555 .

281 2805 393 2885 (1)
441 2802 472 2886 §
518 2802 595 2876 6,
622 2803 680 2865 J.
722 2822 772 2866 ι.
805 2824 864 2864 2.
900 2803 1185 2886 (dejure
1225 2817 1355 2866 nat.
1388 2816 1555 2888 gent.
1593 2814 1657 2866 et
1701 2803 1930 2883 civ.)‚l.
1965 2802 2020 2865 8.
2053 2802 2130 2863 D.
2161 2801 2225 2862 h.
2260 2812 2308 2862 t.

205 2905 245 2969 l.
293 2930 347 2971 ι.
404 2910 435 2993 §
485 2930 545 2970 2.
600 2911 678 2971 D.
719 2931 740 2971 ι
774 2958 792 2988 ,
834 2909 894 2989 4.
943 2911 1069 2995 (de
1090 2924 1289 2974 const.
1323 2915 1564 2995 princ.)
1605 2912 1650 2975 l.
1695 2915 1755 2974 3.
1795 2913 1864 2973 C.
1914 2912 1980 2973 h.
2018 2922 2064 2972 t.
2102 2940 2128 2968 a»
2164 2912 2318 2972 Jura

205 3036 324 3077 non
370 3018 439 3077 in·
480 3016 759 3099 singulas
805 3040 1100 3101 personas
1142 3020 1248 3081 sed
1285 3021 1661 3102 generaliter
1697 3022 2238 3081 constituuntur.»

281 3121 391 3201 (2)
438 3121 753 3198 Quidam,
799 3144 862 3186 v.
895 3145 956 3206 g.
1003 3123 1167 3185 Voet
1205 3125 1285 3184 ad
1321 3124 1519 3186 Pand.
1567 3128 1620 3186 1.
1677 3126 1738 3185 3.
1787 3123 1815 3206 §
1860 3145 1936 3205 9,
1985 3134 2047 3184 et
2073 3120 2315 3201 Cocceji

202 3222 289 3305 jus
316 3238 605 3290 controv.
637 3275 654 3304 ,
690 3229 740 3287 l.
773 3229 809 3290 3
838 3268 865 3303 ,
907 3228 1213 3312 quaest.28.
1253 3230 1367 3292 ob,
1402 3231 1560 3291 Nov.
1609 3227 1690 3289 66
1715 3278 1732 3305 ‚
1777 3250 1834 3290 c,
1902 3252 1955 3291 1.
1999 3230 2262 3291 docuere
2293 3251 2313 3286 ε

207 3352 330 3392 non
376 3334 501 3395 nisi
556 3334 826 3397 secundo
881 3334 1559 3418 postlpublicationem
1606 3357 1816 3396 mense
1864 3347 2116 3418 peracto
2159 3314 2312 3413 legis

207 3438 331 3499 vim
355 3440 688 3522 -incipere3
728 3441 835 3505 sed
874 3442 1268 3505 Justinianus
1310 3443 1387 3502 de
1419 3442 1537 3502 hac
1569 3422 1813 3504 tantum
1871 3432 2344 3504 constitutione-

207 3543 681 3610 id-sanciverat.
716 3547 1021 3610 Hofacker
1060 3549 1367 3632 prmcipia
1395 3596 1413 3626 ,
1465 3561 1582 3611 etc.
1611 3551 1686 3610 T.
1731 3572 1787 3613 1.
1818 3549 1845 3632 §
1886 3549 1988 3611 86.
2030 3547 2321 3609 Promul·

208 3653 338 3734 gari
402 3651 556 3714 olim
612 3653 983 3717 dicebantur
1033 3654 1240 3738 legeS‚
1303 3668 1820 3739 quaefantequam
1866 3657 1955 3716 «in
2033 3655 2316 3716 Comitiis
2413 3651 2435 3664 ’

207 3771 709 3840 proponerentur
740 3808 757 3838 ,
799 3760 1048 3844 publice
1076 3761 1309 3845 populo
1343 3764 1844 3824 insinuabantur.
1872 3762 2074 3823 Hodie
2106 3761 2320 3842 publi<

207 3868 369 3929 catio
407 3863 612 3948 legum
642 3867 724 3928 ab
759 3889 971 3929 earum
997 3867 1495 3952 promulgatione
1520 3868 1948 3951 distinguitur.
1983 3867 2060 3931 V.
2123 3867 2316 3935 Toul-

209 3968 355 4048 1ier,
415 3970 460 4034 l.
511 3995 565 4035 c.
602 3974 679 4035 Τ.
712 3977 780 4050 1,
814 3992 907 4037 no.
963 3974 1077 4059 57,
1124 3987 1185 4038 et
1213 3999 1337 4061 seq.

288 4080 404 4159 (3)
448 4078 649 4156 Voet,
702 4081 768 4142 h.
801 4081 850 4146 l.
900 4082 1069 4165 §10-
