2893 4778
853 303 1068 352 mnan
1121 303 1203 352 11.
1260 312 1356 337 -
1405 301 1564 355 cAr.
1614 305 1698 356 11.
2148 284 2290 375 461

178 428 601 526 acquirendas
647 426 1005 496 extenderit
1021 481 1038 509 ‚
1107 427 1289 497 valde
1331 428 1605 496 dubium
1654 445 1747 498 est
1793 458 1867 499 ac
1919 446 2300 504 controver-

177 572 325 616 sum
391 551 413 631 (
439 570 459 610 1
487 553 537 632 ).
615 541 809 610 Illum
875 541 1264 611 ususfructus
1316 545 1802 637 acquisitionem
1878 546 2058 641 longi
2122 561 2299 616 tem—-

175 662 356 756 poris
405 657 883 752 praescriptione
964 653 1386 725 introduxisse
1457 657 1636 726 nulla
1707 665 1967 728 ratione
2035 664 2298 755 probari

180 786 398 870 potest
448 778 473 860 (
487 780 587 861 2).

279 890 430 957 321.
470 887 921 981 Acquiruntur
932 888 1146 978 itaque
1176 886 1536 956 novissimo
1564 889 1702 977 jure
1734 914 2007 959 romano
2029 895 2303 960 servitu·-

190 1015 285 1071 tes
305 1001 699 1096 praediorum
731 1002 833 1083 ei,
864 1001 979 1093 qui
1001 1000 1195 1094 longo
1217 1014 1503 1095 tempore
1518 1027 1738 1069 earum
1776 1007 1953 1096 quasi
1971 1011 2304 1097 possessio-

186 1142 341 1187 nem
369 1116 629 1197 habuit,
661 1138 780 1182 nec
798 1113 963 1182 elam
973 1158 1004 1196 ,
1038 1138 1158 1183 nec
1185 1117 1479 1207 precario
1502 1167 1521 1199 ‚
1544 1128 1612 1206 et
1631 1116 1807 1180 nulla
1832 1120 2288 1183 interveniente

271 1453 381 1536 (ι)
428 1451 560 1513 Hoc
583 1450 800 1520 fecisse
831 1447 1072 1511 dicitur
1107 1447 1317 1512 verbis
1353 1447 1638 1524 ultimis,
1685 1447 1744 1510 l.-
1791 1468 1861 1510 12
1886 1493 1907 1526 ,
1949 1448 2020 1512 C.
2067 1471 2100 1534 7
2121 1498 2139 1528 ‚
2183 1453 2301 1531 33,

190 1558 312 1640 (de
359 1561 699 1643 praescript.
761 1557 932 1640 long.
991 1559 1243 1640 temp.).
1318 1555 1658 1638 Postquam
1709 1557 1877 1618 enim
1929 1555 2048 1618 hac
2097 1569 2297 1619 const.

179 1666 561 1729 definiverat
582 1713 600 1743 ‚
646 1663 801 1747 quid
850 1674 1012 1725 esset
1072 1666 1237 1724 inter
1277 1673 1609 1746 praesentes
1664 1662 1768 1725 vel
1812 1665 1975 1724 inter
2018 1663 2302 1738 absentes

189 1774 508 1858 possidere
530 1820 548 1851 ,
588 1782 800 1833 monet
830 1791 848 1830 ε
884 1771 1101 1832 eadem
1132 1771 1513 1831 observando
1546 1784 1608 1832 et
1642 1772 1701 1832 si
1724 1793 1820 1831 res
1861 1791 1987 1831 non
2028 1767 2147 1831 soli
2177 1775 2305 1833 sint

183 1879 307 1941 sed
347 1878 768 1962 incorporales
810 1898 938 1960 quae
979 1879 1047 1937 in
1070 1878 1219 1954 jure
1266 1879 1605 1937 consistunt
1625 1921 1644 1952 ‚
1682 1876 1880 1936 veluti
1923 1881 2304 1957 usuffructus

188 1998 256 2048 et
290 2000 500 2048 ceteroe
538 1989 867 2045 servitutes.
917 1983 1037 2044 Sed
1079 1994 1206 2072 tam
1246 1984 1462 2065 paucis
1512 1981 1722 2046 verbis
1761 1979 1998 2044 huncce
2036 1986 2306 2066 impera-

190 2104 396 2156 torem
443 2092 921 2175 ‘acquisitionem
975 2090 1339 2154 servitutum
1384 2088 1572 2171 plane
1619 2109 1844 2152 novam
1892 2089 2305 2152 introduxisse

189 2201 407 2283 putari
461 2219 588 2260 non
661 2207 918 2280 potest3
976 2217 1165 2279 quare
1228 2206 1394 2258 recte
1423 2241 1442 2272 ,
1509 2216 1582 2257 ea
1643 2206 1887 2278 tempus
1927 2243 1945 2273 ‚
1994 2217 2119 2279 quo
2177 2217 2301 2258 nou

195 2327 320 2368 usu
344 2308 792 2389 extinguuntur
816 2305 1144 2365 servitutes
1174 2350 1192 2378 ‚
1232 2303 1536 2386 respicere
1563 2350 1580 2378 ,
1611 2301 1966 2385 disputatur
2002 2324 2039 2363 a
2076 2304 2302 2365 doctis.

195 2414 563 2490 Zz'mmern,
612 2411 657 2473 l.
708 2433 762 2473 c.
801 2460 819 2490 ,
875 2431 1020 2472 nam
1064 2398 1378 2493 jam‘alias
1426 2410 1505 2471 de
1552 2408 1673 2471 hoc
1729 2412 1864 2493 jure
1911 2410 2304 2472 Justinianus

191 2521 485 2583 emiserat
519 2519 995 2580 constitutiones
1030 2536 1048 2577 ε
1101 2514 1147 2575 l.
1189 2513 1263 2576 16
1286 2562 1302 2591 ,
1347 2514 1417 2579 C.
1451 2515 1487 2575 3
1515 2562 1533 2592 ‚
1584 2515 1662 2577 33
1686 2554 1714 2590 ,
1762 2514 1874 2597 (de
1902 2515 2321 2596 usufructu);·

171 2629 248 2693 ·l.
303 2630 415 2706 13,
455 2627 525 2689 C.
556 2628 630 2704 3,
679 2624 799 2704 34,
870 2623 982 2704 (de
1019 2624 1232 2685 servit.
1285 2632 1348 2682 et
1391 2622 1615 2704 aqua).
1661 2622 1987 2685 Invenitur
2023 2621 2151 2682 haec
2190 2642 2304 2681 ex-

192 2733 691 2820 plicatio'hujus
729 2731 995 2793 auctoris
1031 2731 1099 2790 in
1140 2726 1446 2791 Themide
1475 2776 1492 2804 ,
1531 2729 1606 2788 T.
1648 2727 1738 2789 IV
1762 2775 1780 2805 ,
1828 2751 1893 2811 p.
1943 2730 2064 2812 373
2097 2748 2117 2805 3
2168 2749 2304 2789 eam

194 2846 328 2931 jam
363 2838 546 2903 multi
575 2838 834 2901 laudant
862 2847 974 2897 aut
1011 2847 1354 2918 sequuntur
1375 2882 1393 2911 ‚
1442 2845 1517 2895 ut
1561 2834 1848 2894 Jourdan
1868 2880 1893 2909 ,
1952 2836 2170 2895 Thesea
2220 2835 2306 2895 du

196 2951 367 3013 droit
404 2951 653 3011 romain
674 2946 1038 3029 etsranfais
1061 2992 1077 3021 ,
1107 2944 1286 3005 Paris
1330 2942 1483 3005 1822
1510 2991 1527 3021 ‚
1556 2965 1617 3025 p.
1653 2941 1694 3003 8
1717 2991 1734 3019 ,
1764 2963 1841 3025 93
1876 2941 1985 3003 Du
2021 2946 2308 3022 Caum-oy

197 3061 272 3121 in
315 3055 641 3130 Themide,
679 3054 756 3113 T.
813 3051 904 3113 VI
931 3099 949 3128 ‚
1003 3072 1072 3133 p.
1124 3051 1291 3127 3333
1345 3025 1475 3109 υόιι
1548 3048 1833 3127 Wening
1864 3095 1881 3123 ,
1935 3050 2254 3111 Lehrbuelz
2285 3098 2304 3129 ,

196 3163 302 3226 l.†2
330 3212 347 3240 ,
374 3160 509 3247 §94
532 3211 550 3239 ‚
581 3164 651 3223 in
677 3159 723 3220 f.
759 3179 780 3239 3
808 3161 1131 3241 impugnat
1157 3177 1291 3219 eam
1308 3144 1543 3239 partim
1571 3154 1837 3217 Thibauc
1862 3202 1880 3234 ,
1909 3157 1999 3216 im
2042 3158 2300 3221 Archiv.

188 3272 274 3335 T.
313 3270 373 3331 v
394 3319 414 3348 ‚
459 3292 521 3353 p.
563 3246 704 3331 323‘.

284 3380 401 3463 (2)
437 3376 519 3437 V.
561 3377 875 3435 Zimmern
903 3382 966 3433 et
997 3373 1330 3454 scriptores
1382 3381 1531 3431 nota
1572 3367 1943 3450 praecedenti
1992 3368 2302 3433 laudatOS.

195 3485 477 3565 Quidam
529 3504 609 3558 ‘ex
672 3502 785 3557 ee,
832 3479 1001 3562 quod
1054 3478 1413 3562 publiciana
1468 3478 1536 3538 in
1598 3498 1731 3545 rem
1773 3478 1936 3537 actio
1988 3480 2171 3538 certis
2236 3480 2308 3541 in

195 3591 446 3657 casibus
499 3586 960 3650 usufructuario
1019 3584 1378 3646 conceditur
1402 3629 1421 3659 ‚
1498 3583 1875 3645 contrariam
1936 3585 2311 3648 sententiam

196 3696 464 3782 probare
529 3694 905 3765 studuerunt
958 3710 980 3770 ς
1050 3690 1504 3751 Unterkolzner
1550 3736 1570 3768 ‚
1640 3686 1685 3750 l.
1744 3710 1797 3749 e.
1845 3734 1862 3763 ‚
1934 3710 1999 3770 p.
2063 3688 2184 3768 284
2246 3702 2311 3752 et

193 3804 540 3870 Proudkon
560 3798 920 3879 ,fraite'de
952 3799 1272 3877 I'usqsruit
1295 3844 1313 3872 ‚
1345 3798 1421 3856 T.
1456 3800 1518 3858 ΙΙ
1543 3844 1559 3872 ,
1603 3817 1663 3873 p.
1688 3794 1807 3879 295
1841 3814 1861 3873 ;
1889 3796 1996 3857 sed
2030 3795 2122 3856 nil
2161 3797 2311 3861 inde

194 3914 488 3980 concludi
505 3933 681 3996 posse
702 3910 973 3994 probant
988 3906 1046 3971 Z
1050 3912 1336 3980 immet-n,
1363 3904 1407 3966 l.
1438 3928 1493 3969 c.
1517 3928 1582 3989 p.
1616 3927 1752 3990 127,
1775 3912 1838 3968 et
1856 3909 1968 3969 Du
1996 3907 2305 3989 Cam-roy,

192 4023 273 4088 'in
321 4020 670 4097 Themide,
710 4018 791 4082 Τ.
835 4013 959 4095 VI,
1001 4035 1068 4099 p.
1118 3991 1424 4090 3335-334.
