<?xml version="1.0" encoding="UTF-8"?>
<!DOCTYPE html PUBLIC "-//W3C//DTD XHTML 1.0 Transitional//EN"
    "http://www.w3.org/TR/xhtml1/DTD/xhtml1-transitional.dtd">
<html xmlns="http://www.w3.org/1999/xhtml" xml:lang="en" lang="en">
 <head>
  <title>
</title>
<meta http-equiv="Content-Type" content="text/html;charset=utf-8" />
  <meta name='ocr-system' content='tesseract 3.04.00' />
  <meta name='ocr-capabilities' content='ocr_page ocr_carea ocr_par ocr_line ocrx_word'/>
</head>
<body>
  <div class='ocr_page' id='page_1' title='image "./commentariijuri00warngoog/commentariijuri00warngoog_0131.png"; bbox 0 0 2893 4778; ppageno 0'>
   <div class='ocr_carea' id='block_1_1' title="bbox 965 327 2290 386">
    <p class='ocr_par' dir='ltr' id='par_1_1' title="bbox 965 327 2290 386">
     <span class='ocr_line' id='line_1_1' title="bbox 965 327 2290 386; baseline 0.006 -9"><span class='ocrx_word' id='word_1_1' title='bbox 965 327 1493 382; x_wconf 70' lang='lat' dir='ltr'><strong>UITRODUCTIO.</strong></span> <span class='ocrx_word' id='word_1_2' title='bbox 1972 361 1975 366; x_wconf 90' lang='lat'>·</span> <span class='ocrx_word' id='word_1_3' title='bbox 2160 337 2186 384; x_wconf 86' lang='lat'>1</span> <span class='ocrx_word' id='word_1_4' title='bbox 2210 340 2239 384; x_wconf 91' lang='lat'>1</span> <span class='ocrx_word' id='word_1_5' title='bbox 2264 341 2290 386; x_wconf 79' lang='lat'>1</span> 
     </span>
    </p>
   </div>
   <div class='ocr_carea' id='block_1_2' title="bbox 144 435 2301 661">
    <p class='ocr_par' dir='ltr' id='par_1_2' title="bbox 144 435 2301 661">
     <span class='ocr_line' id='line_1_2' title="bbox 144 435 2301 547; baseline 0 -22"><span class='ocrx_word' id='word_1_6' title='bbox 144 463 153 473; x_wconf 87' lang='lat'><em>&#39;</em></span> <span class='ocrx_word' id='word_1_7' title='bbox 270 454 446 526; x_wconf 85' lang='lat' dir='ltr'><strong>Inter</strong></span> <span class='ocrx_word' id='word_1_8' title='bbox 471 453 812 524; x_wconf 85' lang='lat' dir='ltr'><strong>Thomasii</strong></span> <span class='ocrx_word' id='word_1_9' title='bbox 838 451 1180 545; x_wconf 74' lang='lat' dir='ltr'><strong>discipulos</strong></span> <span class='ocrx_word' id='word_1_10' title='bbox 1210 452 1402 546; x_wconf 82' lang='lat' dir='ltr'><strong>longe</strong></span> <span class='ocrx_word' id='word_1_11' title='bbox 1436 456 1683 547; x_wconf 84' lang='lat' dir='ltr'><strong>primus</strong></span> <span class='ocrx_word' id='word_1_12' title='bbox 1715 435 2031 524; x_wconf 80' lang='lat' dir='ltr'><strong>summam</strong></span> <span class='ocrx_word' id='word_1_13' title='bbox 2063 457 2301 528; x_wconf 84' lang='lat' dir='ltr'><strong>famam</strong></span> 
     </span>
     <span class='ocr_line' id='line_1_3' title="bbox 179 565 2298 661; baseline 0 -24"><span class='ocrx_word' id='word_1_14' title='bbox 179 589 514 661; x_wconf 73' lang='lat' dir='ltr'><strong>raramque</strong></span> <span class='ocrx_word' id='word_1_15' title='bbox 541 569 989 636; x_wconf 82' lang='lat' dir='ltr'><strong>auctoritatem</strong></span> <span class='ocrx_word' id='word_1_16' title='bbox 1036 567 1308 660; x_wconf 84' lang='lat' dir='ltr'><strong>adeptus</strong></span> <span class='ocrx_word' id='word_1_17' title='bbox 1356 581 1452 635; x_wconf 85' lang='lat' dir='ltr'><strong>est</strong></span> <span class='ocrx_word' id='word_1_18' title='bbox 1491 565 1764 635; x_wconf 83' lang='lat' dir='ltr'><strong>Joannes</strong></span> <span class='ocrx_word' id='word_1_19' title='bbox 1799 570 2087 638; x_wconf 89' lang='lat' dir='ltr'><strong>Gottlieb</strong></span> <span class='ocrx_word' id='word_1_20' title='bbox 2129 573 2298 638; x_wconf 88' lang='lat' dir='ltr'><strong>Hei-</strong></span> 
     </span>
    </p>
   </div>
   <div class='ocr_carea' id='block_1_3' title="bbox 187 673 2404 892">
    <p class='ocr_par' dir='ltr' id='par_1_3' title="bbox 187 673 2404 892">
     <span class='ocr_line' id='line_1_4' title="bbox 187 673 2404 777; baseline 0.002 -26"><span class='ocrx_word' id='word_1_21' title='bbox 187 681 570 765; x_wconf 79' lang='lat' dir='ltr'><strong>neccius(n.</strong></span> <span class='ocrx_word' id='word_1_22' title='bbox 628 679 843 762; x_wconf 84' lang='lat'>1681,</span> <span class='ocrx_word' id='word_1_23' title='bbox 897 707 982 747; x_wconf 87' lang='lat' dir='ltr'><strong>m.</strong></span> <span class='ocrx_word' id='word_1_24' title='bbox 1043 683 1197 775; x_wconf 63' lang='lat'>1741</span> <span class='ocrx_word' id='word_1_25' title='bbox 1244 689 1309 767; x_wconf 88' lang='lat'><strong>)‚</strong></span> <span class='ocrx_word' id='word_1_26' title='bbox 1361 686 1540 769; x_wconf 83' lang='lat' dir='ltr'><strong>cujus</strong></span> <span class='ocrx_word' id='word_1_27' title='bbox 1588 673 1825 750; x_wconf 78' lang='lat' dir='ltr'><strong>iiomen</strong></span> <span class='ocrx_word' id='word_1_28' title='bbox 1871 686 2042 777; x_wconf 88' lang='lat' dir='ltr'><strong>apud</strong></span> <span class='ocrx_word' id='word_1_29' title='bbox 2082 710 2302 756; x_wconf 86' lang='lat' dir='ltr'><strong>omnes</strong></span> <span class='ocrx_word' id='word_1_30' title='bbox 2400 731 2404 735; x_wconf 94' lang='lat'>-</span> 
     </span>
     <span class='ocr_line' id='line_1_5' title="bbox 190 795 2303 892; baseline 0.001 -29"><span class='ocrx_word' id='word_1_31' title='bbox 190 798 460 890; x_wconf 85' lang='lat' dir='ltr'><strong>Europae</strong></span> <span class='ocrx_word' id='word_1_32' title='bbox 487 795 964 887; x_wconf 79' lang='lat' dir='ltr'><strong>jurisconsultos</strong></span> <span class='ocrx_word' id='word_1_33' title='bbox 996 795 1484 862; x_wconf 86' lang='lat' dir='ltr'><strong>celeberrimum</strong></span> <span class='ocrx_word' id='word_1_34' title='bbox 1512 809 1606 863; x_wconf 88' lang='lat' dir='ltr'><strong>est</strong></span> <span class='ocrx_word' id='word_1_35' title='bbox 1641 801 1661 881; x_wconf 90' lang='lat'>(</span> <span class='ocrx_word' id='word_1_36' title='bbox 1689 822 1709 863; x_wconf 87' lang='lat'>1</span> <span class='ocrx_word' id='word_1_37' title='bbox 1745 804 1786 883; x_wconf 87' lang='lat'><strong>).</strong></span> <span class='ocrx_word' id='word_1_38' title='bbox 1824 799 2107 865; x_wconf 83' lang='lat' dir='ltr'><strong>Maxima</strong></span> <span class='ocrx_word' id='word_1_39' title='bbox 2137 827 2303 892; x_wconf 87' lang='lat' dir='ltr'><strong>quo-</strong></span> 
     </span>
    </p>
   </div>
   <div class='ocr_carea' id='block_1_4' title="bbox 184 903 2306 1234">
    <p class='ocr_par' dir='ltr' id='par_1_4' title="bbox 184 903 2306 1225">
     <span class='ocr_line' id='line_1_6' title="bbox 184 903 2301 1002; baseline 0.003 -25"><span class='ocrx_word' id='word_1_40' title='bbox 184 929 306 1002; x_wconf 83' lang='lat' dir='ltr'><strong>que</strong></span> <span class='ocrx_word' id='word_1_41' title='bbox 348 903 544 999; x_wconf 86' lang='lat' dir='ltr'><strong>hujus</strong></span> <span class='ocrx_word' id='word_1_42' title='bbox 592 909 830 976; x_wconf 88' lang='lat' dir='ltr'><strong>eruditi</strong></span> <span class='ocrx_word' id='word_1_43' title='bbox 873 909 1304 999; x_wconf 80' lang='lat' dir='ltr'><strong>jurisconsulti</strong></span> <span class='ocrx_word' id='word_1_44' title='bbox 1336 924 1486 977; x_wconf 88' lang='lat' dir='ltr'><strong>sunt</strong></span> <span class='ocrx_word' id='word_1_45' title='bbox 1525 913 1786 992; x_wconf 83' lang='lat' dir='ltr'><strong>merita,</strong></span> <span class='ocrx_word' id='word_1_46' title='bbox 1842 925 1974 978; x_wconf 90' lang='lat' dir='ltr'><strong>tam</strong></span> <span class='ocrx_word' id='word_1_47' title='bbox 2023 914 2100 980; x_wconf 89' lang='lat' dir='ltr'><strong>de</strong></span> <span class='ocrx_word' id='word_1_48' title='bbox 2159 920 2301 1002; x_wconf 78' lang='lat' dir='ltr'><strong>jure</strong></span> 
     </span>
     <span class='ocr_line' id='line_1_7' title="bbox 191 1022 2303 1120; baseline 0.003 -30"><span class='ocrx_word' id='word_1_49' title='bbox 191 1048 484 1105; x_wconf 83' lang='lat' dir='ltr'><strong>romano,</strong></span> <span class='ocrx_word' id='word_1_50' title='bbox 524 1049 722 1116; x_wconf 88' lang='lat' dir='ltr'><strong>quam</strong></span> <span class='ocrx_word' id='word_1_51' title='bbox 767 1022 845 1089; x_wconf 90' lang='lat' dir='ltr'><strong>de</strong></span> <span class='ocrx_word' id='word_1_52' title='bbox 893 1022 1033 1088; x_wconf 89' lang='lat' dir='ltr'><strong>aliis</strong></span> <span class='ocrx_word' id='word_1_53' title='bbox 1098 1023 1617 1116; x_wconf 77' lang='lat' dir='ltr'><strong>jurispiudentiae</strong></span> <span class='ocrx_word' id='word_1_54' title='bbox 1680 1026 1965 1117; x_wconf 89' lang='lat' dir='ltr'><strong>partibus</strong></span> <span class='ocrx_word' id='word_1_55' title='bbox 2011 1054 2030 1110; x_wconf 78' lang='lat'>3</span> <span class='ocrx_word' id='word_1_56' title='bbox 2093 1049 2303 1120; x_wconf 87' lang='lat' dir='ltr'><strong>neque</strong></span> 
     </span>
     <span class='ocr_line' id='line_1_8' title="bbox 192 1137 2306 1234; baseline 0.002 -28"><span class='ocrx_word' id='word_1_57' title='bbox 192 1138 384 1206; x_wconf 74' lang='lat' dir='ltr'><strong>solum</strong></span> <span class='ocrx_word' id='word_1_58' title='bbox 432 1141 506 1203; x_wconf 91' lang='lat' dir='ltr'><strong>in</strong></span> <span class='ocrx_word' id='word_1_59' title='bbox 561 1143 700 1225; x_wconf 88' lang='lat' dir='ltr'><strong>jure</strong></span> <span class='ocrx_word' id='word_1_60' title='bbox 748 1137 920 1204; x_wconf 88' lang='lat' dir='ltr'><strong>civili</strong></span> <span class='ocrx_word' id='word_1_61' title='bbox 966 1140 1349 1225; x_wconf 84' lang='lat' dir='ltr'><strong>justinianeo</strong></span> <span class='ocrx_word' id='word_1_62' title='bbox 1406 1140 1569 1208; x_wconf 84' lang='lat' dir='ltr'><strong>bene</strong></span> <span class='ocrx_word' id='word_1_63' title='bbox 1617 1140 1978 1208; x_wconf 85' lang='lat' dir='ltr'><strong>ordinando</strong></span> <span class='ocrx_word' id='word_1_64' title='bbox 2036 1142 2117 1234; x_wconf 86' lang='lat' dir='ltr'><strong>ad</strong></span> <span class='ocrx_word' id='word_1_65' title='bbox 2158 1167 2306 1211; x_wconf 84' lang='lat' dir='ltr'><strong>usus</strong></span> 
     </span>
    </p>
   </div>
   <div class='ocr_carea' id='block_1_5' title="bbox 195 1229 2417 1345">
    <p class='ocr_par' dir='ltr' id='par_1_5' title="bbox 195 1229 2417 1345">
     <span class='ocr_line' id='line_1_9' title="bbox 195 1229 2417 1345; baseline -0 -26"><span class='ocrx_word' id='word_1_66' title='bbox 195 1251 687 1319; x_wconf 79' lang='lat' dir='ltr'>Academiarum</span> <span class='ocrx_word' id='word_1_67' title='bbox 733 1250 937 1315; x_wconf 90' lang='lat' dir='ltr'><strong>clarus</strong></span> <span class='ocrx_word' id='word_1_68' title='bbox 966 1253 1106 1330; x_wconf 86' lang='lat' dir='ltr'><strong>est,</strong></span> <span class='ocrx_word' id='word_1_69' title='bbox 1156 1249 1264 1317; x_wconf 89' lang='lat' dir='ltr'><strong>sed</strong></span> <span class='ocrx_word' id='word_1_70' title='bbox 1297 1253 1543 1341; x_wconf 86' lang='lat' dir='ltr'><strong>primus</strong></span> <span class='ocrx_word' id='word_1_71' title='bbox 1593 1267 1770 1332; x_wconf 76' lang='lat' dir='ltr'><strong>ciat,</strong></span> <span class='ocrx_word' id='word_1_72' title='bbox 1816 1256 1928 1345; x_wconf 90' lang='lat' dir='ltr'><strong>qui</strong></span> <span class='ocrx_word' id='word_1_73' title='bbox 1969 1229 2303 1325; x_wconf 80' lang='lat' dir='ltr'><strong>historiam</strong></span> <span class='ocrx_word' id='word_1_74' title='bbox 2342 1235 2345 1238; x_wconf 8' lang='grc' dir='ltr'><strong><em>Ἴ</em></strong></span> <span class='ocrx_word' id='word_1_75' title='bbox 2400 1315 2417 1333; x_wconf 63' lang='lat'><em>„</em></span> 
     </span>
    </p>
   </div>
   <div class='ocr_carea' id='block_1_6' title="bbox 195 1364 2411 3173">
    <p class='ocr_par' dir='ltr' id='par_1_6' title="bbox 195 1364 2411 3173">
     <span class='ocr_line' id='line_1_10' title="bbox 195 1364 2302 1454; baseline 0.004 -24"><span class='ocrx_word' id='word_1_76' title='bbox 195 1366 337 1453; x_wconf 78' lang='lat' dir='ltr'><strong>juris</strong></span> <span class='ocrx_word' id='word_1_77' title='bbox 384 1366 640 1430; x_wconf 84' lang='lat' dir='ltr'><strong>romani</strong></span> <span class='ocrx_word' id='word_1_78' title='bbox 691 1376 756 1430; x_wconf 89' lang='lat' dir='ltr'><strong>et</strong></span> <span class='ocrx_word' id='word_1_79' title='bbox 800 1364 1207 1454; x_wconf 82' lang='lat' dir='ltr'><strong>antiquitates</strong></span> <span class='ocrx_word' id='word_1_80' title='bbox 1251 1366 1575 1431; x_wconf 89' lang='lat' dir='ltr'><strong>succincte</strong></span> <span class='ocrx_word' id='word_1_81' title='bbox 1630 1364 2059 1449; x_wconf 86' lang='lat' dir='ltr'><strong>describeret,</strong></span> <span class='ocrx_word' id='word_1_82' title='bbox 2117 1385 2182 1437; x_wconf 87' lang='lat' dir='ltr'><strong>et</strong></span> <span class='ocrx_word' id='word_1_83' title='bbox 2218 1396 2302 1439; x_wconf 85' lang='lat' dir='ltr'><strong>ex</strong></span> 
     </span>
     <span class='ocr_line' id='line_1_11' title="bbox 196 1473 2302 1571; baseline 0.004 -26"><span class='ocrx_word' id='word_1_84' title='bbox 196 1473 777 1565; x_wconf 84' lang='lat' dir='ltr'><strong>jurisconsultorum</strong></span> <span class='ocrx_word' id='word_1_85' title='bbox 809 1476 1124 1569; x_wconf 87' lang='lat' dir='ltr'><strong>gallorum</strong></span> <span class='ocrx_word' id='word_1_86' title='bbox 1164 1489 1229 1544; x_wconf 88' lang='lat' dir='ltr'><strong>et</strong></span> <span class='ocrx_word' id='word_1_87' title='bbox 1266 1477 1603 1570; x_wconf 83' lang='lat' dir='ltr'><strong>belgarum</strong></span> <span class='ocrx_word' id='word_1_88' title='bbox 1638 1481 1938 1571; x_wconf 88' lang='lat' dir='ltr'><strong>operibus</strong></span> <span class='ocrx_word' id='word_1_89' title='bbox 1968 1483 2302 1554; x_wconf 82' lang='lat' dir='ltr'><strong>utilissima</strong></span> 
     </span>
     <span class='ocr_line' id='line_1_12' title="bbox 198 1589 2290 1684; baseline 0.003 -26"><span class='ocrx_word' id='word_1_90' title='bbox 198 1616 455 1684; x_wconf 84' lang='lat' dir='ltr'><strong>quaeque</strong></span> <span class='ocrx_word' id='word_1_91' title='bbox 512 1589 838 1683; x_wconf 86' lang='lat' dir='ltr'><strong>colligeret</strong></span> <span class='ocrx_word' id='word_1_92' title='bbox 880 1596 1001 1676; x_wconf 83' lang='lat'><strong>(2)</strong></span> <span class='ocrx_word' id='word_1_93' title='bbox 1050 1603 1125 1656; x_wconf 91' lang='lat' dir='ltr'><strong>ut</strong></span> <span class='ocrx_word' id='word_1_94' title='bbox 1171 1591 1421 1657; x_wconf 87' lang='lat' dir='ltr'><strong>erudita</strong></span> <span class='ocrx_word' id='word_1_95' title='bbox 1465 1593 1618 1677; x_wconf 87' lang='lat' dir='ltr'><strong>juris</strong></span> <span class='ocrx_word' id='word_1_96' title='bbox 1677 1595 1926 1658; x_wconf 88' lang='lat' dir='ltr'><strong>romani</strong></span> <span class='ocrx_word' id='word_1_97' title='bbox 1973 1596 2290 1664; x_wconf 88' lang='lat' dir='ltr'><strong>institutio</strong></span> 
     </span>
     <span class='ocr_line' id='line_1_13' title="bbox 200 1702 2300 1797; baseline 0.005 -29"><span class='ocrx_word' id='word_1_98' title='bbox 200 1703 486 1771; x_wconf 82' lang='lat' dir='ltr'><strong>facillima</strong></span> <span class='ocrx_word' id='word_1_99' title='bbox 525 1706 630 1773; x_wconf 81' lang='lat' dir='ltr'><strong>via</strong></span> <span class='ocrx_word' id='word_1_100' title='bbox 670 1702 1012 1796; x_wconf 83' lang='lat' dir='ltr'><strong>procedere</strong></span> <span class='ocrx_word' id='word_1_101' title='bbox 1056 1718 1279 1796; x_wconf 87' lang='lat' dir='ltr'><strong>posset.</strong></span> <span class='ocrx_word' id='word_1_102' title='bbox 1307 1706 1466 1793; x_wconf 86' lang='lat' dir='ltr'><strong>Ejus</strong></span> <span class='ocrx_word' id='word_1_103' title='bbox 1497 1729 1690 1797; x_wconf 87' lang='lat' dir='ltr'><strong>opera</strong></span> <span class='ocrx_word' id='word_1_104' title='bbox 1725 1713 2063 1797; x_wconf 84' lang='lat' dir='ltr'><strong>separatim</strong></span> <span class='ocrx_word' id='word_1_105' title='bbox 2112 1725 2300 1780; x_wconf 83' lang='lat' dir='ltr'><strong>antea</strong></span> 
     </span>
     <span class='ocr_line' id='line_1_14' title="bbox 200 1818 2294 1911; baseline 0.004 -27"><span class='ocrx_word' id='word_1_106' title='bbox 200 1818 350 1885; x_wconf 75' lang='lat' dir='ltr'><strong>edita</strong></span> <span class='ocrx_word' id='word_1_107' title='bbox 392 1827 468 1885; x_wconf 90' lang='lat' dir='ltr'><strong>in</strong></span> <span class='ocrx_word' id='word_1_108' title='bbox 514 1842 719 1885; x_wconf 90' lang='lat' dir='ltr'><strong>uuum</strong></span> <span class='ocrx_word' id='word_1_109' title='bbox 764 1843 992 1910; x_wconf 88' lang='lat' dir='ltr'><strong>corpus</strong></span> <span class='ocrx_word' id='word_1_110' title='bbox 1039 1818 1318 1885; x_wconf 90' lang='lat' dir='ltr'><strong>collecta·</strong></span> <span class='ocrx_word' id='word_1_111' title='bbox 1346 1832 1411 1884; x_wconf 87' lang='lat' dir='ltr'><strong>et</strong></span> <span class='ocrx_word' id='word_1_112' title='bbox 1460 1818 1727 1911; x_wconf 84' lang='lat' dir='ltr'><strong>vulgata</strong></span> <span class='ocrx_word' id='word_1_113' title='bbox 1779 1835 1926 1904; x_wconf 82' lang='lat' dir='ltr'><strong>sunt</strong></span> <span class='ocrx_word' id='word_1_114' title='bbox 1970 1824 2294 1909; x_wconf 66' lang='lat' dir='ltr'><strong>Genevae3</strong></span> 
     </span>
     <span class='ocr_line' id='line_1_15' title="bbox 201 1932 2298 2029; baseline 0.004 -32"><span class='ocrx_word' id='word_1_115' title='bbox 201 1957 354 2001; x_wconf 82' lang='lat' dir='ltr'><strong>anno</strong></span> <span class='ocrx_word' id='word_1_116' title='bbox 408 1932 617 2025; x_wconf 65' lang='lat'><strong>1743,</strong></span> <span class='ocrx_word' id='word_1_117' title='bbox 661 1942 734 1999; x_wconf 91' lang='lat' dir='ltr'><strong>in</strong></span> <span class='ocrx_word' id='word_1_118' title='bbox 787 1934 827 1997; x_wconf 88' lang='lat'>8</span> <span class='ocrx_word' id='word_1_119' title='bbox 873 1933 1003 2003; x_wconf 86' lang='lat' dir='ltr'><strong>vol.</strong></span> <span class='ocrx_word' id='word_1_120' title='bbox 1039 1934 1254 2018; x_wconf 57' lang='lat' dir='ltr'><strong>inss4⁰‚</strong></span> <span class='ocrx_word' id='word_1_121' title='bbox 1293 1947 1358 1999; x_wconf 91' lang='lat' dir='ltr'><strong>et</strong></span> <span class='ocrx_word' id='word_1_122' title='bbox 1405 1936 1638 2000; x_wconf 87' lang='lat' dir='ltr'><strong>iterum</strong></span> <span class='ocrx_word' id='word_1_123' title='bbox 1684 1936 1754 2001; x_wconf 90' lang='lat' dir='ltr'><strong>in</strong></span> <span class='ocrx_word' id='word_1_124' title='bbox 1811 1959 1855 2024; x_wconf 88' lang='lat'>9</span> <span class='ocrx_word' id='word_1_125' title='bbox 1897 1936 2024 2004; x_wconf 86' lang='lat' dir='ltr'><strong>vol.</strong></span> <span class='ocrx_word' id='word_1_126' title='bbox 2076 1964 2231 2029; x_wconf 88' lang='lat'>1771</span> <span class='ocrx_word' id='word_1_127' title='bbox 2279 1984 2298 2023; x_wconf 58' lang='lat'><em>4</em></span> 
     </span>
     <span class='ocr_line' id='line_1_16' title="bbox 205 2047 2302 2138; baseline 0.003 -27"><span class='ocrx_word' id='word_1_128' title='bbox 205 2070 318 2113; x_wconf 86' lang='lat' dir='ltr'><strong>non</strong></span> <span class='ocrx_word' id='word_1_129' title='bbox 336 2047 551 2115; x_wconf 90' lang='lat' dir='ltr'><strong>solum</strong></span> <span class='ocrx_word' id='word_1_130' title='bbox 569 2049 641 2113; x_wconf 89' lang='lat' dir='ltr'><strong>in</strong></span> <span class='ocrx_word' id='word_1_131' title='bbox 659 2047 1002 2116; x_wconf 81' lang='lat' dir='ltr'><strong>Germania</strong></span> <span class='ocrx_word' id='word_1_132' title='bbox 1024 2052 1043 2130; x_wconf 98' lang='lat'>(</span> <span class='ocrx_word' id='word_1_133' title='bbox 1066 2047 1245 2114; x_wconf 86' lang='lat' dir='ltr'><strong>Halae</strong></span> <span class='ocrx_word' id='word_1_134' title='bbox 1271 2061 1336 2113; x_wconf 90' lang='lat' dir='ltr'><strong>et</strong></span> <span class='ocrx_word' id='word_1_135' title='bbox 1362 2048 1774 2115; x_wconf 84' lang='lat' dir='ltr'><strong>Francofurti</strong></span> <span class='ocrx_word' id='word_1_136' title='bbox 1794 2049 1876 2115; x_wconf 87' lang='lat' dir='ltr'><strong>ad</strong></span> <span class='ocrx_word' id='word_1_137' title='bbox 1896 2051 2213 2118; x_wconf 85' lang='lat' dir='ltr'><strong>Viadrum</strong></span> <span class='ocrx_word' id='word_1_138' title='bbox 2239 2062 2259 2138; x_wconf 91' lang='lat'><em>)</em></span> <span class='ocrx_word' id='word_1_139' title='bbox 2282 2106 2302 2135; x_wconf 82' lang='grc'><strong>,</strong></span> 
     </span>
     <span class='ocr_line' id='line_1_17' title="bbox 201 2159 2301 2258; baseline 0 -27"><span class='ocrx_word' id='word_1_140' title='bbox 201 2162 297 2231; x_wconf 69' lang='lat' dir='ltr'><strong>aed</strong></span> <span class='ocrx_word' id='word_1_141' title='bbox 325 2164 525 2229; x_wconf 84' lang='lat' dir='ltr'><strong>etiam</strong></span> <span class='ocrx_word' id='word_1_142' title='bbox 564 2162 736 2253; x_wconf 85' lang='lat' dir='ltr'><strong>apud</strong></span> <span class='ocrx_word' id='word_1_143' title='bbox 769 2165 1038 2230; x_wconf 86' lang='lat' dir='ltr'><strong>Batavos</strong></span> <span class='ocrx_word' id='word_1_144' title='bbox 1083 2168 1102 2246; x_wconf 95' lang='lat'>(</span> <span class='ocrx_word' id='word_1_145' title='bbox 1132 2161 1186 2227; x_wconf 93' lang='lat' dir='ltr'><strong>F</strong></span> <span class='ocrx_word' id='word_1_146' title='bbox 1187 2185 1553 2254; x_wconf 86' lang='lat' dir='ltr'><strong>ranequerae</strong></span> <span class='ocrx_word' id='word_1_147' title='bbox 1575 2215 1592 2242; x_wconf 85' lang='lat'>,</span> <span class='ocrx_word' id='word_1_148' title='bbox 1636 2166 1819 2228; x_wconf 88' lang='lat' dir='ltr'><strong>annis</strong></span> <span class='ocrx_word' id='word_1_149' title='bbox 1872 2159 2301 2258; x_wconf 60' lang='lat'>172&#39;4-1727)</span> 
     </span>
     <span class='ocr_line' id='line_1_18' title="bbox 203 2269 2306 2370; baseline 0.004 -31"><span class='ocrx_word' id='word_1_150' title='bbox 203 2271 422 2343; x_wconf 75' lang='lat' dir='ltr'><strong>docuit.</strong></span> <span class='ocrx_word' id='word_1_151' title='bbox 463 2273 835 2341; x_wconf 86' lang='lat' dir='ltr'><strong>Secundum</strong></span> <span class='ocrx_word' id='word_1_152' title='bbox 870 2279 999 2362; x_wconf 88' lang='lat' dir='ltr'><strong>ejus</strong></span> <span class='ocrx_word' id='word_1_153' title='bbox 1037 2277 1193 2360; x_wconf 79' lang='lat' dir='ltr'><strong>iuris</strong></span> <span class='ocrx_word' id='word_1_154' title='bbox 1228 2269 1607 2363; x_wconf 50' lang='lat' dir='ltr'><strong>justinianei&#39;</strong></span> <span class='ocrx_word' id='word_1_155' title='bbox 1637 2276 1950 2342; x_wconf 88' lang='lat' dir='ltr'><strong>elementa</strong></span> <span class='ocrx_word' id='word_1_156' title='bbox 1992 2304 2186 2370; x_wconf 85' lang='lat' dir='ltr'><strong>usque</strong></span> <span class='ocrx_word' id='word_1_157' title='bbox 2224 2279 2306 2348; x_wconf 89' lang='lat' dir='ltr'><strong>ad</strong></span> 
     </span>
     <span class='ocr_line' id='line_1_19' title="bbox 206 2389 2309 2482; baseline 0.002 -25"><span class='ocrx_word' id='word_1_158' title='bbox 206 2407 429 2459; x_wconf 86' lang='lat' dir='ltr'><strong>nostras</strong></span> <span class='ocrx_word' id='word_1_159' title='bbox 463 2392 597 2461; x_wconf 81' lang='lat' dir='ltr'><strong>fere</strong></span> <span class='ocrx_word' id='word_1_160' title='bbox 622 2391 757 2458; x_wconf 86' lang='lat' dir='ltr'><strong>dies</strong></span> <span class='ocrx_word' id='word_1_161' title='bbox 791 2394 860 2458; x_wconf 87' lang='lat' dir='ltr'><strong>in</strong></span> <span class='ocrx_word' id='word_1_162' title='bbox 895 2389 1237 2458; x_wconf 76' lang='lat' dir='ltr'><strong>Germania</strong></span> <span class='ocrx_word' id='word_1_163' title='bbox 1263 2399 1360 2481; x_wconf 83' lang='lat' dir='ltr'><strong>jus</strong></span> <span class='ocrx_word' id='word_1_164' title='bbox 1393 2392 1559 2482; x_wconf 82' lang='lat' dir='ltr'><strong>tradi</strong></span> <span class='ocrx_word' id='word_1_165' title='bbox 1587 2392 1825 2458; x_wconf 87' lang='lat' dir='ltr'><strong>solebat</strong></span> <span class='ocrx_word' id='word_1_166' title='bbox 1840 2445 1856 2474; x_wconf 86' lang='lat'>,</span> <span class='ocrx_word' id='word_1_167' title='bbox 1885 2408 1949 2463; x_wconf 85' lang='lat' dir='ltr'><strong>et</strong></span> <span class='ocrx_word' id='word_1_168' title='bbox 1976 2399 2309 2462; x_wconf 77' lang='lat' dir='ltr'><strong>recitatio-</strong></span> 
     </span>
     <span class='ocr_line' id='line_1_20' title="bbox 205 2506 2311 2599; baseline 0.003 -28"><span class='ocrx_word' id='word_1_169' title='bbox 205 2528 313 2573; x_wconf 83' lang='lat' dir='ltr'><strong>nes</strong></span> <span class='ocrx_word' id='word_1_170' title='bbox 337 2508 522 2574; x_wconf 79' lang='lat' dir='ltr'><strong>abeo</strong></span> <span class='ocrx_word' id='word_1_171' title='bbox 550 2506 784 2573; x_wconf 82' lang='lat' dir='ltr'><strong>habitae</strong></span> <span class='ocrx_word' id='word_1_172' title='bbox 814 2513 920 2591; x_wconf 89' lang='lat' dir='ltr'><strong>(et</strong></span> <span class='ocrx_word' id='word_1_173' title='bbox 943 2506 1106 2573; x_wconf 88' lang='lat' dir='ltr'><strong>male</strong></span> <span class='ocrx_word' id='word_1_174' title='bbox 1127 2532 1163 2572; x_wconf 83' lang='lat' dir='ltr'><strong>a</strong></span> <span class='ocrx_word' id='word_1_175' title='bbox 1189 2506 1513 2599; x_wconf 89' lang='lat' dir='ltr'><strong>discipulis</strong></span> <span class='ocrx_word' id='word_1_176' title='bbox 1535 2506 1900 2592; x_wconf 82' lang='lat' dir='ltr'><strong>collectae?)</strong></span> <span class='ocrx_word' id='word_1_177' title='bbox 1932 2508 2147 2574; x_wconf 84' lang='lat' dir='ltr'><strong>multis</strong></span> <span class='ocrx_word' id='word_1_178' title='bbox 2173 2510 2311 2578; x_wconf 88' lang='lat' dir='ltr'><strong>aliis</strong></span> 
     </span>
     <span class='ocr_line' id='line_1_21' title="bbox 202 2608 2313 2714; baseline 0.002 -28"><span class='ocrx_word' id='word_1_179' title='bbox 202 2620 264 2686; x_wconf 87' lang='lat' dir='ltr'><strong>in</strong></span> <span class='ocrx_word' id='word_1_180' title='bbox 296 2622 674 2714; x_wconf 85' lang='lat' dir='ltr'><strong>regionibus</strong></span> <span class='ocrx_word' id='word_1_181' title='bbox 708 2624 1136 2687; x_wconf 88' lang='lat' dir='ltr'><strong>recentissime</strong></span> <span class='ocrx_word' id='word_1_182' title='bbox 1179 2608 1486 2713; x_wconf 85' lang='lat' dir='ltr'><strong>tanquam</strong></span> <span class='ocrx_word' id='word_1_183' title='bbox 1534 2620 1699 2686; x_wconf 90' lang='lat' dir='ltr'><strong>solus</strong></span> <span class='ocrx_word' id='word_1_184' title='bbox 1745 2621 1826 2687; x_wconf 90' lang='lat' dir='ltr'><strong>ad</strong></span> <span class='ocrx_word' id='word_1_185' title='bbox 1859 2647 2085 2690; x_wconf 41' lang='lat' dir='ltr'><strong>veramx</strong></span> <span class='ocrx_word' id='word_1_186' title='bbox 2124 2627 2313 2710; x_wconf 83' lang='lat' dir='ltr'><strong>juris-</strong></span> 
     </span>
     <span class='ocr_line' id='line_1_22' title="bbox 202 2735 2411 2828; baseline 0.001 -25"><span class='ocrx_word' id='word_1_187' title='bbox 202 2736 605 2825; x_wconf 78' lang='lat' dir='ltr'><strong>prudentiam</strong></span> <span class='ocrx_word' id='word_1_188' title='bbox 631 2760 960 2801; x_wconf 87' lang='lat' dir='ltr'><strong>romanam</strong></span> <span class='ocrx_word' id='word_1_189' title='bbox 983 2735 1189 2801; x_wconf 88' lang='lat' dir='ltr'><strong>aditus</strong></span> <span class='ocrx_word' id='word_1_190' title='bbox 1207 2739 1430 2828; x_wconf 81' lang='lat' dir='ltr'><strong>saepius</strong></span> <span class='ocrx_word' id='word_1_191' title='bbox 1458 2736 1732 2828; x_wconf 79' lang='lat' dir='ltr'><strong>vulgatae</strong></span> <span class='ocrx_word' id='word_1_192' title='bbox 1763 2749 1910 2802; x_wconf 87' lang='lat' dir='ltr'><strong>sunt</strong></span> <span class='ocrx_word' id='word_1_193' title='bbox 1939 2737 2072 2821; x_wconf 82' lang='lat'><strong>(3).</strong></span> <span class='ocrx_word' id='word_1_194' title='bbox 2123 2737 2312 2806; x_wconf 81' lang='lat' dir='ltr'><strong>Coae-</strong></span> <span class='ocrx_word' id='word_1_195' title='bbox 2402 2820 2411 2825; x_wconf 15' lang='grc' dir='ltr'><strong>ἱ</strong></span> 
     </span>
     <span class='ocr_line' id='line_1_23' title="bbox 202 2848 2316 2943; baseline 0.003 -28"><span class='ocrx_word' id='word_1_196' title='bbox 202 2854 356 2916; x_wconf 76' lang='lat' dir='ltr'><strong>tanei</strong></span> <span class='ocrx_word' id='word_1_197' title='bbox 372 2848 808 2939; x_wconf 88' lang='lat' dir='ltr'><strong>jurisconsulti</strong></span> <span class='ocrx_word' id='word_1_198' title='bbox 825 2850 1059 2916; x_wconf 86' lang='lat' dir='ltr'><strong>horum</strong></span> <span class='ocrx_word' id='word_1_199' title='bbox 1082 2852 1363 2919; x_wconf 85' lang='lat' dir='ltr'><strong>virorum</strong></span> <span class='ocrx_word' id='word_1_200' title='bbox 1382 2850 1561 2916; x_wconf 86' lang='lat' dir='ltr'><strong>fuere</strong></span> <span class='ocrx_word' id='word_1_201' title='bbox 1585 2848 1840 2916; x_wconf 88' lang='lat' dir='ltr'><strong>Samuel</strong></span> <span class='ocrx_word' id='word_1_202' title='bbox 1857 2851 2110 2943; x_wconf 67' lang='lat' dir='ltr'><strong>Stryck‚</strong></span> <span class='ocrx_word' id='word_1_203' title='bbox 2129 2853 2316 2922; x_wconf 86' lang='lat' dir='ltr'><strong>Tho-</strong></span> 
     </span>
     <span class='ocr_line' id='line_1_24' title="bbox 203 2963 2310 3057; baseline 0.002 -28"><span class='ocrx_word' id='word_1_204' title='bbox 203 2967 367 3029; x_wconf 88' lang='lat' dir='ltr'><strong>masii</strong></span> <span class='ocrx_word' id='word_1_205' title='bbox 425 2963 872 3048; x_wconf 78' lang='lat' dir='ltr'><strong>adversarius3</strong></span> <span class='ocrx_word' id='word_1_206' title='bbox 929 2963 1096 3030; x_wconf 90' lang='lat' dir='ltr'><strong>illius</strong></span> <span class='ocrx_word' id='word_1_207' title='bbox 1153 2963 1319 3030; x_wconf 85' lang='lat' dir='ltr'><strong>filius</strong></span> <span class='ocrx_word' id='word_1_208' title='bbox 1369 2965 1465 3031; x_wconf 88' lang='lat' dir='ltr'><strong>Jo.</strong></span> <span class='ocrx_word' id='word_1_209' title='bbox 1512 2964 1769 3030; x_wconf 86' lang='lat' dir='ltr'><strong>Samuel</strong></span> <span class='ocrx_word' id='word_1_210' title='bbox 1819 2973 1840 3052; x_wconf 96' lang='lat'>(</span> <span class='ocrx_word' id='word_1_211' title='bbox 1876 2992 1960 3031; x_wconf 90' lang='lat' dir='ltr'><strong>m.</strong></span> <span class='ocrx_word' id='word_1_212' title='bbox 2018 2971 2179 3057; x_wconf 86' lang='lat'>1715</span> <span class='ocrx_word' id='word_1_213' title='bbox 2224 2976 2245 3054; x_wconf 89' lang='lat'><em>)</em></span> <span class='ocrx_word' id='word_1_214' title='bbox 2287 2997 2310 3056; x_wconf 81' lang='lat'>3</span> 
     </span>
     <span class='ocr_line' id='line_1_25' title="bbox 202 3076 2306 3173; baseline 0 -25"><span class='ocrx_word' id='word_1_215' title='bbox 202 3076 333 3148; x_wconf 67' lang='lat' dir='ltr'><strong>Jac-</strong></span> <span class='ocrx_word' id='word_1_216' title='bbox 380 3078 555 3147; x_wconf 74' lang='lat' dir='ltr'><strong>Petr.</strong></span> <span class='ocrx_word' id='word_1_217' title='bbox 590 3076 672 3145; x_wconf 84' lang='lat' dir='ltr'><strong>de</strong></span> <span class='ocrx_word' id='word_1_218' title='bbox 706 3077 1080 3172; x_wconf 67' lang='lat' dir='ltr'><strong>Ludewig,(</strong></span> <span class='ocrx_word' id='word_1_219' title='bbox 1107 3105 1191 3145; x_wconf 91' lang='lat' dir='ltr'><strong>m.</strong></span> <span class='ocrx_word' id='word_1_220' title='bbox 1232 3078 1443 3170; x_wconf 72' lang='grc'>1743)</span> <span class='ocrx_word' id='word_1_221' title='bbox 1479 3129 1499 3161; x_wconf 88' lang='grc'><em>,</em></span> <span class='ocrx_word' id='word_1_222' title='bbox 1550 3079 1881 3146; x_wconf 87' lang='lat' dir='ltr'><strong>Thomasii</strong></span> <span class='ocrx_word' id='word_1_223' title='bbox 1920 3080 2306 3173; x_wconf 80' lang='lat' dir='ltr'><strong>discipulus3</strong></span> 
     </span>
    </p>
   </div>
   <div class='ocr_carea' id='block_1_7' title="bbox 280 3415 1741 3502">
    <p class='ocr_par' dir='ltr' id='par_1_7' title="bbox 280 3415 1741 3502">
     <span class='ocr_line' id='line_1_26' title="bbox 280 3415 1741 3502; baseline 0.003 -23"><span class='ocrx_word' id='word_1_224' title='bbox 280 3415 349 3499; x_wconf 84' lang='lat'><strong>(1</strong></span> <span class='ocrx_word' id='word_1_225' title='bbox 376 3419 402 3501; x_wconf 94' lang='lat'><strong>)</strong></span> <span class='ocrx_word' id='word_1_226' title='bbox 449 3419 639 3499; x_wconf 80' lang='lat' dir='ltr'><em>Hugo</em></span> <span class='ocrx_word' id='word_1_227' title='bbox 669 3464 687 3490; x_wconf 87' lang='lat'><em>‚</em></span> <span class='ocrx_word' id='word_1_228' title='bbox 719 3418 769 3502; x_wconf 83' lang='lat'><strong>·§</strong></span> <span class='ocrx_word' id='word_1_229' title='bbox 816 3420 937 3502; x_wconf 86' lang='lat'><strong>390</strong></span> <span class='ocrx_word' id='word_1_230' title='bbox 968 3440 992 3500; x_wconf 78' lang='lat'><em>3</em></span> <span class='ocrx_word' id='word_1_231' title='bbox 1042 3418 1333 3481; x_wconf 85' lang='lat' dir='ltr'><strong>Haubold</strong></span> <span class='ocrx_word' id='word_1_232' title='bbox 1366 3468 1384 3494; x_wconf 81' lang='lat'><strong>‚</strong></span> <span class='ocrx_word' id='word_1_233' title='bbox 1434 3442 1500 3481; x_wconf 89' lang='lat' dir='ltr'><strong>n.</strong></span> <span class='ocrx_word' id='word_1_234' title='bbox 1557 3421 1741 3484; x_wconf 87' lang='lat' dir='ltr'>CCX.</span> 
     </span>
    </p>
   </div>
   <div class='ocr_carea' id='block_1_8' title="bbox 207 3554 2312 4064">
    <p class='ocr_par' dir='ltr' id='par_1_8' title="bbox 207 3554 2312 4064">
     <span class='ocr_line' id='line_1_27' title="bbox 274 3554 2308 3640; baseline -0 -25"><span class='ocrx_word' id='word_1_235' title='bbox 274 3555 397 3640; x_wconf 74' lang='lat'><strong>(2)</strong></span> <span class='ocrx_word' id='word_1_236' title='bbox 444 3554 573 3634; x_wconf 84' lang='lat' dir='ltr'><strong>Qui</strong></span> <span class='ocrx_word' id='word_1_237' title='bbox 606 3577 883 3638; x_wconf 87' lang='lat' dir='ltr'><strong>unquam</strong></span> <span class='ocrx_word' id='word_1_238' title='bbox 910 3555 1228 3616; x_wconf 88' lang='lat' dir='ltr'><strong>Heiueccii</strong></span> <span class='ocrx_word' id='word_1_239' title='bbox 1258 3576 1446 3636; x_wconf 83' lang='lat' dir='ltr'><strong>opera</strong></span> <span class='ocrx_word' id='word_1_240' title='bbox 1474 3559 1917 3620; x_wconf 84' lang='lat' dir='ltr'><strong>examinaverit</strong></span> <span class='ocrx_word' id='word_1_241' title='bbox 1939 3606 1956 3633; x_wconf 84' lang='lat'><em>‚</em></span> <span class='ocrx_word' id='word_1_242' title='bbox 1993 3556 2308 3631; x_wconf 80' lang='lat' dir='ltr'><strong>inveniet,</strong></span> 
     </span>
     <span class='ocr_line' id='line_1_28' title="bbox 207 3664 2307 3745; baseline 0.002 -25"><span class='ocrx_word' id='word_1_243' title='bbox 207 3680 336 3722; x_wconf 81' lang='lat' dir='ltr'><strong>eum</strong></span> <span class='ocrx_word' id='word_1_244' title='bbox 369 3684 500 3724; x_wconf 88' lang='lat' dir='ltr'><strong>non</strong></span> <span class='ocrx_word' id='word_1_245' title='bbox 542 3675 665 3724; x_wconf 85' lang='lat' dir='ltr'><strong>tam</strong></span> <span class='ocrx_word' id='word_1_246' title='bbox 701 3665 907 3744; x_wconf 89' lang='lat' dir='ltr'><strong>ipsum</strong></span> <span class='ocrx_word' id='word_1_247' title='bbox 951 3664 1099 3744; x_wconf 83' lang='lat' dir='ltr'><strong>juris</strong></span> <span class='ocrx_word' id='word_1_248' title='bbox 1138 3665 1382 3745; x_wconf 84' lang='lat' dir='ltr'><strong>antiqui</strong></span> <span class='ocrx_word' id='word_1_249' title='bbox 1420 3665 1888 3745; x_wconf 82' lang='lat' dir='ltr'><strong>disquisitiones</strong></span> <span class='ocrx_word' id='word_1_250' title='bbox 1926 3665 2307 3741; x_wconf 86' lang='lat' dir='ltr'><strong>instituisse,</strong></span> 
     </span>
     <span class='ocr_line' id='line_1_29' title="bbox 209 3769 2312 3852; baseline 0 -22"><span class='ocrx_word' id='word_1_251' title='bbox 209 3788 382 3850; x_wconf 77' lang='lat' dir='ltr'><strong>quam</strong></span> <span class='ocrx_word' id='word_1_252' title='bbox 409 3780 556 3852; x_wconf 83' lang='lat' dir='ltr'><strong>apte</strong></span> <span class='ocrx_word' id='word_1_253' title='bbox 588 3791 660 3830; x_wconf 80' lang='lat' dir='ltr'><strong>ex</strong></span> <span class='ocrx_word' id='word_1_254' title='bbox 687 3771 942 3849; x_wconf 83' lang='lat' dir='ltr'><strong>Cujacio</strong></span> <span class='ocrx_word' id='word_1_255' title='bbox 974 3817 990 3846; x_wconf 92' lang='lat'>,</span> <span class='ocrx_word' id='word_1_256' title='bbox 1029 3770 1284 3852; x_wconf 86' lang='lat' dir='ltr'><strong>Sigonio</strong></span> <span class='ocrx_word' id='word_1_257' title='bbox 1302 3818 1318 3847; x_wconf 90' lang='lat'>,</span> <span class='ocrx_word' id='word_1_258' title='bbox 1349 3769 1746 3852; x_wconf 82' lang='lat' dir='ltr'><strong>Schultingio</strong></span> <span class='ocrx_word' id='word_1_259' title='bbox 1768 3819 1784 3844; x_wconf 84' lang='lat'>‚</span> <span class='ocrx_word' id='word_1_260' title='bbox 1807 3769 2063 3851; x_wconf 81' lang='lat' dir='ltr'><strong>aliisque</strong></span> <span class='ocrx_word' id='word_1_261' title='bbox 2087 3770 2312 3831; x_wconf 84' lang='lat' dir='ltr'><strong>harum</strong></span> 
     </span>
     <span class='ocr_line' id='line_1_30' title="bbox 209 3874 2311 3959; baseline 0.003 -25"><span class='ocrx_word' id='word_1_262' title='bbox 209 3874 553 3937; x_wconf 85' lang='lat' dir='ltr'><strong>scholarum</strong></span> <span class='ocrx_word' id='word_1_263' title='bbox 603 3877 1013 3959; x_wconf 83' lang='lat' dir='ltr'><strong>scriptoribus</strong></span> <span class='ocrx_word' id='word_1_264' title='bbox 1062 3881 1300 3959; x_wconf 87' lang='lat' dir='ltr'><strong>optima</strong></span> <span class='ocrx_word' id='word_1_265' title='bbox 1328 3875 1642 3958; x_wconf 84' lang='lat' dir='ltr'><strong>collegisse</strong></span> <span class='ocrx_word' id='word_1_266' title='bbox 1691 3887 1754 3936; x_wconf 88' lang='lat' dir='ltr'><strong>et</strong></span> <span class='ocrx_word' id='word_1_267' title='bbox 1798 3876 2135 3939; x_wconf 84' lang='lat' dir='ltr'><strong>ordinasse.</strong></span> <span class='ocrx_word' id='word_1_268' title='bbox 2186 3878 2311 3941; x_wconf 87' lang='lat' dir='ltr'><strong>Sed</strong></span> 
     </span>
     <span class='ocr_line' id='line_1_31' title="bbox 209 3970 1979 4064; baseline 0.001 -23"><span class='ocrx_word' id='word_1_269' title='bbox 209 3990 265 4041; x_wconf 79' lang='lat' dir='ltr'><strong>et</strong></span> <span class='ocrx_word' id='word_1_270' title='bbox 306 3981 429 4044; x_wconf 88' lang='lat' dir='ltr'><strong>hoc</strong></span> <span class='ocrx_word' id='word_1_271' title='bbox 468 3985 751 4046; x_wconf 89' lang='lat' dir='ltr'><strong>studium</strong></span> <span class='ocrx_word' id='word_1_272' title='bbox 800 4005 1041 4044; x_wconf 89' lang='lat' dir='ltr'><strong>summa</strong></span> <span class='ocrx_word' id='word_1_273' title='bbox 1087 3984 1269 4059; x_wconf 84' lang='lat' dir='ltr'><strong>laude</strong></span> <span class='ocrx_word' id='word_1_274' title='bbox 1311 3983 1567 4064; x_wconf 79' lang='lat' dir='ltr'><strong>dignum</strong></span> <span class='ocrx_word' id='word_1_275' title='bbox 1615 3995 1733 4043; x_wconf 85' lang='lat' dir='ltr'><strong>est.</strong></span> <span class='ocrx_word' id='word_1_276' title='bbox 1976 3970 1979 3971; x_wconf 31' lang='lat'><em>⁷</em></span> 
     </span>
    </p>
   </div>
   <div class='ocr_carea' id='block_1_9' title="bbox 285 4112 2053 4196">
    <p class='ocr_par' dir='ltr' id='par_1_9' title="bbox 285 4112 2053 4196">
     <span class='ocr_line' id='line_1_32' title="bbox 285 4112 2053 4196; baseline 0.001 -20"><span class='ocrx_word' id='word_1_277' title='bbox 285 4114 405 4196; x_wconf 78' lang='lat'><strong>(3)</strong></span> <span class='ocrx_word' id='word_1_278' title='bbox 448 4115 713 4177; x_wconf 81' lang='lat' dir='ltr'><strong>Parisiis</strong></span> <span class='ocrx_word' id='word_1_279' title='bbox 766 4115 920 4176; x_wconf 86' lang='lat'>1810</span> <span class='ocrx_word' id='word_1_280' title='bbox 949 4162 970 4192; x_wconf 85' lang='lat'><strong><em>,</em></strong></span> <span class='ocrx_word' id='word_1_281' title='bbox 1016 4112 1296 4177; x_wconf 86' lang='lat' dir='ltr'><strong>Venetiis</strong></span> <span class='ocrx_word' id='word_1_282' title='bbox 1345 4113 1539 4193; x_wconf 79' lang='lat'><strong>1815,</strong></span> <span class='ocrx_word' id='word_1_283' title='bbox 1593 4115 1824 4178; x_wconf 82' lang='lat' dir='ltr'><strong>Gandae</strong></span> <span class='ocrx_word' id='word_1_284' title='bbox 1877 4114 2053 4179; x_wconf 77' lang='lat'>1818.</span> 
     </span>
    </p>
   </div>
  </div>
 </body>
</html>
