2893 4778
452 273 589 373 593
779 295 1289 347 commem-mnu
1345 297 1544 347 smus
1596 297 1879 347 nomm
1928 299 2243 349 PRIVA'H.

545 416 696 485 250.
748 413 1074 514 Superest,
1117 431 1191 484 ut
1234 417 1587 498 videamus,
1626 446 1707 488 an
1739 422 1833 488 rei
1877 422 1998 487 sub
2039 420 2403 492 conditione
2446 443 2563 486 ac-

455 535 703 625 quisitae
758 533 1059 627 usucapio
1103 556 1229 598 esse
1275 535 1469 625 possit
1511 541 1577 616 (1
1603 537 1679 619 )?
1723 535 1813 603 Et
1855 558 1992 600 rem
2032 536 2150 600 sub
2198 535 2567 603 conditione

455 648 814 738 suspensiva
833 648 1203 739 acquisitam
1229 649 1520 741 usucapi,
1551 650 1831 740 incipere
1850 673 1981 715 non
2005 673 2211 742 posse,
2243 661 2389 716 ante
2409 674 2569 716 con-

462 759 771 828 ditionem
816 759 1135 853 expletam
1160 811 1178 841 ‚
1217 763 1571 830 communis
1611 765 1767 850 juris
1799 765 1961 836 ratio
2001 765 2182 851 jubet
2219 755 2361 847 (2).
2393 763 2566 853 Qum

461 899 616 945 vero
660 875 780 942 sub
831 871 1184 942 resolutiva
1213 872 1579 944 conditione
1624 875 1706 943 ab
1759 874 1975 968 aliquo
2006 875 2325 969 possideri
2366 891 2574 969 coepta

464 1001 597 1072 est,
642 1002 809 1055 recte
855 991 1261 1081 usucapitur,
1292 991 1453 1084 quin
1496 1001 1712 1058 tamen
1742 990 1866 1058 hoc
1906 992 1967 1058 ei
1990 1042 2006 1071 ‚
2053 990 2136 1058 ad
2172 1016 2363 1083 quem
2396 994 2573 1056 exis-

468 1116 642 1172 tente
691 1103 1060 1171 conditione
1113 1127 1209 1169 res
1270 1105 1504 1172 reverti
1560 1103 1788 1172 debeat
1827 1157 1843 1185 ‚
1914 1129 2140 1176 nocere
2197 1108 2386 1198 possit
2435 1105 2575 1190 (3).

472 1214 853 1284 Revocabile
911 1214 1271 1284 dominium
1319 1215 1557 1284 idcirco
1606 1219 1987 1314 usucapione
2038 1214 2137 1285 vel
2171 1215 2354 1309 longi
2404 1228 2576 1284 tem-

470 1332 650 1427 'poris
685 1332 1155 1423 praescriptione
1191 1329 1603 1400 irrevocabile
1640 1330 1779 1397 fieri
1824 1355 1956 1396 non
2000 1343 2225 1425 potest.

572 1444 692 1510 251
711 1496 728 1514 .
769 1446 868 1512 De
918 1444 1181 1537 singulis
1234 1444 1435 1513 titulis
1486 1443 1884 1537 dispicientes
1946 1446 2231 1538 primum
2264 1443 2343 1512 de
2393 1441 2584 1511 titulo

481 1582 601 1652 pro
644 1572 884 1627 emtore
945 1558 1066 1644 (4)
1124 1558 1432 1627 dicemuS.
1473 1560 1600 1627 Pro
1648 1572 1888 1626 emtore
1935 1560 2213 1652 possidet
2233 1611 2249 1638 ‚
2301 1560 2410 1654 qui
2448 1582 2587 1623 rem

482 1676 641 1739 emit
676 1686 742 1738 et
782 1671 1082 1741 traditam
1126 1699 1162 1739 a
1200 1672 1534 1741 venditore
1570 1677 1835 1766 accepit.
1869 1672 2135 1743 Prodest
2171 1673 2282 1742 hic
2322 1671 2542 1738 titulus
2564 1722 2583 1750 ‚

488 1790 585 1869 ei,
635 1790 749 1878 qui
792 1814 874 1855 ex
912 1788 1124 1857 valida
1172 1792 1451 1857 emtione
1503 1792 1619 1874 (5)
1677 1792 1876 1882 ipsam
1924 1813 2061 1857 rem
2109 1787 2430 1856 venditam
2474 1787 2589 1872 (6)

491 1928 574 1970 ex
610 1903 731 1969 hac
770 1927 951 1969 causa
993 1902 1312 1994 possidere
1349 1904 1580 1996 incipit
1615 1932 1635 1987 3
1693 1928 1842 1972 cum
1878 1904 2157 1996 pretium
2201 1900 2456 1968 solverit
2497 1897 2596 1966 vel

494 2015 650 2086 fides
697 2019 758 2083 ei
794 2018 1014 2083 habita
1052 2020 1135 2084 sit
1183 2023 1331 2110 (7),
1374 2044 1526 2086 nam
1587 2021 1656 2083 in
1699 2019 1826 2084 hoc
1880 2015 2011 2082 solo
2063 2027 2210 2081 casu
2260 2012 2600 2080 traditione

495 2130 791 2200 dominus
837 2131 977 2201 fieri
1027 2135 1243 2229 potuit
1302 2137 1443 2219 (ηο.
1501 2134 1628 2205 238
1649 2139 1702 2223 J.
1756 2132 1893 2226 Qui
1940 2131 2069 2202 litis
2118 2131 2599 2201 :estimationem

585 2478 694 2561 (1)
739 2482 1022 2557 Potkier,
1069 2480 1114 2543 l.
1162 2504 1213 2543 c.
1256 2498 1347 2543 no.
1389 2482 1611 2566 90—93.

590 2590 694 2672 (2)
743 2589 811 2649 L.
863 2587 904 2667 4
950 2612 1043 2673 pr.
1083 2591 1159 2649 D.
1213 2588 1326 2666 18,
1370 2587 1561 2666 2(de
1599 2587 1666 2648 in
1694 2585 1860 2647 diem
1896 2584 2131 2663 add.);
2171 2583 2216 2645 l.
2258 2604 2295 2646 2
2327 2630 2346 2658 ,
2383 2582 2413 2665 §
2456 2603 2535 2657 9,,
2567 2581 2603 2641 3

508 2697 591 2757 D.
631 2693 704 2773 4ι
742 2745 759 2773 ,
794 2696 835 2775 4
860 2744 876 2773 ,
913 2703 1071 2779 (pro
1112 2696 1420 2772 emtore).
1464 2695 1564 2756 An
1590 2694 1886 2775 usucapio
1916 2694 2176 2774 incipiat
2201 2739 2217 2766 ,
2249 2691 2299 2752 si
2336 2688 2609 2751 conditio

512 2802 850 2885 adimpleta
894 2803 1045 2865 false
1090 2815 1341 2887 putetur
1377 2849 1395 2876 ‚
1454 2802 1790 2864 secundum
1838 2802 2158 2882 superiora
2197 2795 2606 2858 decidendum

513 2911 651 2970 erit.
691 2910 764 2970 In
794 2909 983 2972 titulo
1024 2932 1139 2993 pro
1178 2920 1408 2973 emtore
1456 2908 1586 2970 haec
1632 2907 1841 2992 opinio
1869 2905 2168 2991 proficere
2198 2924 2324 2966 non
2366 2910 2609 2984 potest3

513 3015 561 3078 l.
608 3037 644 3079 2
672 3063 689 3092 ,
738 3016 768 3099 §
808 3038 884 3093 2,
931 3018 1033 3079 cit.

599 3124 710 3206 (3)
753 3124 821 3185 L.
858 3145 932 3197 2,
987 3120 1241 3205 §1‚D.
1296 3121 1409 3198 18,
1460 3121 1790 3200 2(cit.);
1830 3118 1874 3181 l.
1929 3120 1998 3180 13
2040 3139 2179 3199 pn,
2231 3117 2310 3175 D.
2358 3116 2477 3197 39,
2530 3112 2612 3189 6,

520 3230 651 3311 (de
702 3232 920 3292 mortis
965 3252 1145 3291 causa
1184 3230 1394 3292 donat.
1421 3231 1492 3308 );
1522 3229 1566 3288 l.
1613 3249 1648 3290 2
1677 3275 1692 3303 ,
1741 3226 1769 3309 §
1803 3223 1876 3303 4,
1904 3226 1983 3287 D,
2020 3225 2138 3303 41,
2183 3221 2223 3299 4
2255 3224 2359 3284 cit.

606 3338 714 3419 (4)
760 3341 840 3403 D.
879 3339 949 3419 41
981 3386 998 3414 ,
1041 3336 1120 3419 4,
1170 3338 1240 3400 C.
1284 3361 1317 3421 7
1358 3384 1375 3412 ,
1420 3334 1553 3414 263
1601 3337 1895 3408 Pomm,
1944 3350 2034 3392 no.
2083 3328 2338 3414 59—613·
2385 3327 2622 3392 Umer-

522 3452 812 3525 bonnet,
848 3448 874 3531 §
914 3468 988 3531 27
1014 3495 1031 3524 ‚
1069 3460 1159 3508 n0.
1208 3467 1290 3525 23
1337 3446 1709 3529 Mai-ansius,
1758 3442 1941 3528 Disp.
1982 3440 2082 3504 52.

608 3557 711 3641 (5)
754 3556 823 3616 L.
865 3575 901 3615 2
939 3576 1034 3637 pr.
1063 3601 1080 3630 ,
1128 3553 1209 3615 D.
1246 3552 1314 3613 h.
1349 3564 1401 3614 t.

613 3666 718 3746 (6)
761 3665 830 3725 L.
880 3686 959 3740 α,
1008 3662 1035 3745 §
1084 3661 1171 3739 6,
1219 3661 1299 3722 D.
1346 3660 1410 3723 b.
1460 3670 1515 3721 t.

614 3775 722 3858 (7)
765 3771 910 3853 Arg.
967 3767 1011 3831 l.
1051 3791 1132 3844 2,
1180 3768 1320 3852 §3‚
1363 3770 1442 3830 D.
1490 3768 1618 3847 ib.;
1665 3764 1972 3829 contraria
2007 3813 2023 3841 ‚
2067 3763 2111 3825 1.
2167 3761 2251 3839 8,
2296 3763 2376 3842 D.
2409 3760 2492 3839 6,
2540 3781 2625 3837 2,

534 3886 569 3965 (
596 3884 671 3943 de
715 3877 948 3969 public.
981 3881 1048 3942 iu
1079 3900 1209 3943 rem
1237 3889 1358 3942 aet.
1386 3881 1420 3967 2
1459 3877 1537 3942 ad
1568 3879 1866 3941 actionem
1903 3872 2323 3962 publicianam
2376 3871 2627 3935 restrin-

531 3988 734 4073 genda
782 3999 894 4052 est.
