2893 4778
453 281 458 286 ’
538 282 690 373 464
869 295 1379 355 commentum
1413 283 1627 353 'sums
1679 304 1963 355 nonum
2013 306 2330 357 mun.

627 429 1127 521 Interrumpitur
1168 428 1349 519 quasi
1394 429 1687 519 possessio
1725 428 2229 522 servitutumque
2261 428 2412 497 inde
2446 454 2653 523 praes-

541 546 774 637 criptio
826 571 845 609 ε
900 566 970 608 a.
1018 542 1141 608 Per
1181 543 1535 609 institutam
1584 567 1623 607 a
1658 543 1748 607 rei
1792 539 2057 610 domino
2106 546 2427 612 actionem
2475 550 2495 631 (
2528 570 2550 611 1
2576 550 2648 630 );

543 657 611 726 b.
645 653 716 726 Si
750 657 1046 725 dominus
1080 656 1260 723 alteri
1295 677 1481 723 usum
1508 655 1913 736 interdixerit
1950 662 1973 742 (
1989 663 2062 742 2)
2101 685 2119 740 3
2166 682 2222 724 c.
2257 658 2328 725 Si
2358 658 2657 752 longiore

539 784 826 864 tempore
881 773 1184 838 exercitio
1240 770 1559 838 servitutis
1615 771 1967 838 intermissa
2002 770 2199 838 fuerit
2253 773 2382 856 (3).

639 886 946 954 Ceterum
971 885 1386 951 accessionem
1406 885 1708 976 temporis
1725 883 1943 951 locum
1968 885 2206 952 habere
2240 883 2471 953 debere
2493 886 2607 972 (4)
2633 939 2656 968 ,

547 999 830 1096 generali
868 1001 1024 1087 juris
1063 999 1298 1066 rationi
1332 1010 1825 1104 consentaneum
1864 1014 2000 1082 est3
2044 1025 2177 1068 non
2214 979 2427 1069 suiuus
2461 1027 2666 1094 quam

546 1117 622 1183 in
644 1117 718 1182 iis
743 1116 930 1182 rebus
947 1114 1278 1181 servitutes
1303 1111 1504 1205 longo
1525 1136 1647 1178 usu
1669 1117 1969 1181 constitui
1992 1139 2124 1181 non
2143 1140 2318 1208 posse
2333 1167 2352 1197 ‚
2379 1142 2664 1209 quarum

546 1233 902 1326 proprietas
926 1228 1106 1320 longi
1140 1228 1443 1319 temporis
1483 1229 1957 1320 praescriptione
1983 1231 2235 1321 acquiri
2262 1234 2493 1323 nequit
2521 1231 2666 1318 (5).

749 1487 836 1555 E.
888 1483 1462 1579 Quemadmodum
1504 1489 1849 1553 servitutes
1892 1489 2277 1562 amittuntur
2319 1487 2454 1574 (6).

689 1728 719 1813 §
779 1727 831 1792 1.
883 1725 999 1791 De
1055 1727 1323 1791 interitu
1377 1725 1521 1817 ejus
1544 1768 1574 1804 ,
1633 1728 1744 1791 cui
1786 1723 2118 1792 debentur
2166 1730 2528 1797 servitutes.

648 1934 798 2004 323.
844 1935 1193 2004 Servitutes
1214 1946 1347 2001 tam
1384 1933 1744 2026 personales
1772 1960 1967 2027 quam
2007 1934 2429 2029 praediorum,
2468 1938 2667 2003 variis

554 2049 763 2120 modis
795 2051 1209 2129 amittuntur,
1247 2047 1441 2116 veluti
1495 2050 1760 2116 interitu
1808 2073 2092 2142 personae
2140 2050 2243 2120 vel
2287 2050 2525 2143 praedii‘
2554 2054 2668 2118 cui

554 2176 933 2257 competunt
960 2209 988 2245 ,
1030 2162 1425 2231 extinctione
1465 2163 1562 2230 rei
1601 2165 1670 2229 in
1716 2189 1841 2258 qua
1889 2167 2251 2233 constitutae
2286 2176 2436 2232 sunt
2471 2215 2489 2243 ,
2545 2187 2665 2229 re·—

531 2280 956 2346 *nuntiatione
982 2329 999 2359 ‚
1049 2276 1420 2344 confusione
1440 2329 1460 2358 ,
1497 2280 1751 2344 rescisso
1790 2282 1929 2366 jure
1964 2284 2098 2367 ejus
2142 2281 2256 2371 qui
2298 2276 2435 2344 illas
2466 2300 2663 2343 cons-

556 2393 738 2462 tituit
758 2444 775 2471 ‚
813 2416 946 2459 non
982 2417 1130 2472 usu,
1153 2393 1253 2462 vel
1289 2393 1673 2486 usucapione
1698 2393 2006 2462 libertatis
2038 2395 2266 2488 praedii
2295 2394 2672 2477 servientis·¹

559 2507 641 2577 de
674 2508 941 2600 singulis
971 2508 1138 2574 hisce
1175 2508 1376 2575 causis
1408 2506 1774 2599 specialiter
1800 2505 2230 2600 dispiciamus

645 2826 754 2910 (ι)
810 2827 880 2887 L.
939 2849 1048 2901 10,
1107 2825 1179 2888 C.
1225 2849 1303 2910 7,
1352 2828 1432 2888 32
1468 2874 1487 2903 ‚
1541 2826 1664 2908 (de
1717 2830 1954 2911 acquir.
2001 2827 2107 2891 vel
2156 2832 2344 2891 retin.
2396 2832 2670 2916 posS.)5

556 2930 611 2996 l.
656 2953 737 3009 2,
783 2936 850 2993 in
912 2934 958 2993 f.
986 2981 1003 3010 ‚
1048 2934 1117 2995 C.
1168 2956 1244 3019 7,
1276 2933 1389 3012 4ο,
1417 2935 1560 3014 (de
1602 2934 1814 2997 anuali
1861 2938 2295 3019 exceptione).

647 3064 754 3147 (2)
792 3060 860 3125 L.
901 3084 980 3146 α,
1027 3065 1099 3126 C.
1147 3066 1229 3143 3,
1281 3063 1404 3142 34,
1442 3069 1783 3150 cit.3.arg.
1850 3066 1894 3129 l.
1944 3088 2053 3143 10,
2105 3068 2174 3129 C.
2223 3090 2300 3152 7,
2377 3070 2507 3143 32,
2554 3069 2666 3129 cit.

561 3171 722 3233 Nam
772 3173 994 3232 vitiosa
1050 3192 1178 3232 esse
1229 3172 1454 3254 incipit
1510 3164 1814 3255 possessio
1849 3220 1866 3251 ,
1927 3195 2058 3258 arg.
2087 3214 2115 3250 ,
2177 3173 2226 3238 l.
2289 3195 2361 3253 1,
2413 3174 2444 3258 ᾗ
2501 3173 2673 3261 5-7,

563 3279 645 3340 D.
682 3278 806 3357 45,
839 3276 918 3356 24
963 3277 1178 3363 (qumi
1219 3281 1285 3341 vi
1333 3279 1434 3342 vel
1483 3279 1724 3360 clam).

649 3407 782 3490 (3)
835 3407 1313 3486 Unterlzolzner‚
1351 3433 1416 3493 p.
1462 3413 1626 3495 3263
1670 3412 2037 3492 Zimmern,
2080 3416 2144 3498 p.
2203 3415 2503 3501 117-118.

647 3538 759 3621 (4)
805 3540 899 3599 Ita
948 3541 1016 3600 in
1072 3541 1438 3607 interdictis.
1490 3544 1561 3607 L.
1617 3546 1699 3622 3,
1758 3545 1786 3629 §
1838 3544 2037 3626 6-10‚
2082 3507 2162 3609 D.
2199 3545 2326 3628 43,
2365 3570 2482 3634 19,
2538 3549 2697 3631 (de'

559 3646 792 3715 itinere
830 3659 1095 3732 actuque
1112 3652 1170 3732 ).·

649 3777 760 3864 (5)
803 3777 1171 3855 Zimmem,
1205 3777 1251 3841 l.
1290 3800 1347 3841 c.
1377 3828 1396 3857 ‚
1435 3802 1501 3864 p.
1552 3802 1691 3844 121.

656 3908 763 3989 (6)
809 3911 952 3992 Dig.
996 3932 1058 3993 7,
1091 3910 1164 3988 4,
1198 3910 1421 3996 (quib.
1453 3912 1651 3974 modis
1684 3902 2075 3978 ususfructus
2120 3914 2226 3979 vel
2251 3936 2400 4003 usus
2440 3917 2671 3978 amitti-

571 4014 777 4095 ων),
824 4014 1068 4099 Dig.8,
1113 4015 1196 4095 6,
1244 4018 1811 4101 (quemadmodum
1856 4026 2197 4095 servitutes
2223 4023 2673 4107 amittuntur).
