2893 4778
620 255 717 333 50
963 279 1475 334 communita
1524 282 1724 334 sums
1774 244 2056 335 nonani
2105 287 2423 337 rnwur.

687 432 744 475 c.
756 407 827 477 Si
839 404 967 476 duo
978 407 1115 476 loca
1131 421 1415 476 statuunt
1426 410 1744 476 contraria
1754 460 1769 488 ,
1785 433 1927 500 quae
1942 410 2288 478 secundum
2303 413 2735 506 praecedentes

612 520 862 614 regulas
894 520 1220 588 conciliari
1254 546 1384 589 non
1423 534 1708 613 possunt,
1747 524 2116 590 recentioris
2147 527 2569 612 jurisconsulti
2598 527 2727 594 ali-

611 635 870 728 quando
880 635 1509 729 sententiasequenda
1526 648 1650 716 est,
1672 644 1783 702 aut
1805 635 1954 727 quia
1984 640 2312 707 anterioris
2321 642 2540 733 opinio
2551 655 2725 708 tem-

612 751 786 842 poris
820 749 1088 816 decursu
1104 772 1287 818 novae
1312 753 1638 816 sententiae
1652 748 1873 816 cedere
1891 749 2112 818 debuit
2137 756 2225 838 (ι)
2242 805 2260 835 ,
2282 767 2392 821 aut
2406 757 2726 822 sententia

612 878 1014 934 controversa
1044 876 1186 956 post
1219 863 1484 930 demum
1528 862 1734 930 decisa
1768 863 1893 930 fuit
1945 869 2016 948 (2
2033 870 2073 949 ).
2095 866 2387 958 Denique
2434 893 2508 934 ea
2549 870 2726 936 inter

613 967 769 1036 duas
829 975 1166 1040 sententias
1215 975 1335 1039 sibi
1388 974 1792 1043 'adversantes
1857 975 2248 1068 praeferenda
2278 1029 2295 1061 ,
2363 1004 2504 1071 quae
2556 982 2725 1067 iuris

609 1087 844 1167 rationi
870 1089 1074 1179 magis
1097 1100 1512 1155 consentanea
1535 1101 1663 1172 est3
1688 1101 1799 1155 aut
1814 1089 1892 1155 de
1910 1090 2151 1157 casibus
2174 1091 2343 1159 inter
2367 1118 2431 1160 se
2456 1093 2729 1164 diversis

616 1198 863 1267 diversa
895 1203 1049 1287 juris
1083 1200 1370 1270 definitio
1400 1201 1814 1294 intelligenda
1859 1205 1994 1290 (3).
2215 1210 2218 1211 ⁷

705 1316 774 1382 d.
818 1314 985 1382 Illud
1022 1320 1329 1409 quaeritur
1358 1346 1376 1386 ε
1425 1322 1476 1386 si
1515 1320 1949 1412 fragmentum
1996 1320 2094 1387 bis
2132 1322 2215 1387 sit
2256 1323 2563 1414 positum,
2607 1321 2716 1390 di·-

615 1454 984 1521 versamque
1037 1432 1108 1497 in
1148 1446 1419 1524 utroque
1461 1432 1602 1500 loco
1636 1445 1899 1524 propter
1927 1435 2168 1500 variam
2202 1439 2339 1521 conj
2348 1438 2724 1504 unctionem

615 1542 913 1610 admittat
939 1548 1316 1612 sententiam
1333 1599 1349 1628 ‚
1385 1573 1468 1613 an
1491 1547 1734 1615 diverso
1769 1545 1962 1614 modo
1982 1545 2143 1614 illud
2168 1549 2727 1641 interpretandum

615 1661 665 1724 si
678 1668 704 1722 t
718 1709 734 1737 ‚
765 1658 893 1725 sive
923 1658 1082 1726 alter
1105 1657 1276 1728 locus
1306 1685 1387 1726 ex
1415 1659 1614 1728 altero
1647 1658 2053 1726 illustrandus
2069 1662 2100 1726 ἓ
2125 1660 2191 1727 N
2192 1685 2263 1728 ec
2279 1662 2405 1729 hoc
2434 1662 2723 1755 generali

619 1767 846 1862 regula
898 1769 1108 1838 decidi
1152 1796 1330 1864 posse
1371 1772 1625 1841 videtur
1668 1798 1686 1836 ε
1751 1767 1977 1862 quovis
2012 1770 2083 1836 in
2126 1796 2276 1840 casu
2314 1772 2397 1840 ad
2434 1773 2722 1866 singulas

616 1899 831 1951 rerum
866 1910 1078 1952 causas
1107 1886 1566 1981 attendendum
1598 1898 1689 1952 est
1716 1886 1795 1971 (4
1810 1890 1852 1970 ).

707 2023 772 2064 e.
828 1998 1122 2094 Denique
1163 1999 1270 2068 illa
1335 2015 1630 2071 movetur
1685 2002 2104 2069 controversia
2151 2026 2169 2066 ε
2227 2003 2280 2068 si
2336 2003 2477 2094 quis
2536 2026 2725 2069 casus

615 2134 696 2178 ex
741 2111 895 2179 falsa
948 2114 1107 2201 juris
1153 2116 1399 2182 ratione
1443 2113 1682 2191 decisus
1725 2117 1806 2180 sit
1834 2165 1853 2194 ‚
1895 2139 1980 2180 an
2029 2112 2332 2182 decisioni
2368 2114 2670 2182 standum
2686 2169 2715 2196 ,

528 2267 532 2271 -
615 2250 700 2293 an
740 2229 954 2321 potius
993 2229 1154 2301 veris
1193 2229 1348 2316 juris
1386 2229 1763 2320 praeceptis?
1800 2228 1885 2294 Et
1924 2241 2163 2294 rectam
2205 2230 2361 2318 juris
2397 2231 2722 2296 rationem

616 2365 730 2409 nos
770 2343 948 2434 sequi
987 2341 1216 2411 debere
1256 2341 1598 2410 dicendum
1626 2394 1642 2422 ‚
1695 2342 1815 2407 nisi
1856 2354 2147 2433 apertum
2186 2344 2267 2409 sit
2306 2392 2325 2425 ‚
2391 2338 2724 2437 legislato-

618 2479 763 2523 rem
790 2456 1111 2549 singulare
1139 2462 1240 2547 jus
1268 2455 1532 2527 voluisse
1558 2468 1828 2523 statuere
1867 2455 2006 2542 (5).

702 2677 811 2761 (1)
854 2682 948 2740 Ita
969 2679 1337 2741 conciliatur
1377 2679 1422 2740 l.
1474 2677 1553 2756 34
1588 2704 1684 2763 pr.
1726 2676 1809 2742 D.
1859 2700 1950 2761 17.
1994 2699 2015 2738 1
2065 2676 2426 2760 (mandati)
2464 2676 2596 2738 etl.
2642 2677 2721 2743 15

624 2785 705 2846 D.
770 2806 862 2847 12.
920 2808 978 2865 ι,
1024 2786 1137 2869 (de
1162 2786 1293 2849 reb.
1322 2786 1485 2848 cred.
1507 2790 1551 2870 ).
1588 2789 1860 2866 Quidam
1905 2789 1992 2847 ita
2034 2784 2372 2846 conciliant
2406 2784 2450 2844 l.
2503 2783 2575 2845 18
2606 2807 2717 2867 pr.

623 2891 706 2952 D.
753 2911 846 2953 12.
911 2912 962 2953 1.
1010 2892 1130 2977 (de
1157 2892 1346 2976 cod.)
1379 2905 1440 2955 et
1476 2893 1520 2955 l.
1560 2895 1640 2956 36
1661 2898 1741 2957 D.
1786 2891 1888 2972 41.
1933 2876 1986 2954 1.
2026 2892 2143 2973 (de
2171 2912 2305 2973 aeq.
2339 2912 2462 2951 rer.
2499 2890 2719 2974 dom.)

703 2997 814 3079 (2)
859 2997 1038 3062 Ital.
1095 3000 1210 3077 32,
1240 2985 1326 3061 D.
1376 2998 1477 3079 44.
1531 3024 1589 3085 7.
1642 3005 1663 3083 (
1691 3002 1768 3064 de
1808 3000 1913 3063 ob.
1969 3009 2032 3060 et
2088 2998 2252 3081 act.)
2304 2995 2515 3057 multis
2560 2996 2725 3060 locis

610 3104 885 3188 derogat.
2279 3107 2284 3112 “

707 3210 818 3298 (3)
867 3217 962 3275 Ita
990 3212 1400 3276 conciliantur
1436 3210 1728 3275 facillime
1768 3211 2106 3273 decisiones
2151 3207 2271 3290 leg.
2313 3207 2394 3269 25
2421 3255 2438 3285 ‚
2475 3207 2504 3291 §
2545 3208 2588 3269 6
2625 3212 2717 3272 D.

626 3346 724 3411 17.
783 3344 837 3385 1.
902 3320 1252 3404 (mandati)
1315 3318 1462 3382 etl.
1514 3319 1638 3397 52,
1680 3318 1709 3402 ἦ
1750 3317 1791 3397 4
1825 3365 1843 3396 ,
1896 3318 1978 3379 D.
2031 3336 2124 3399 17.
2176 3336 2232 3376 2.
2292 3313 2441 3397 (pro
2470 3317 2726 3399 socio.)

707 3429 815 3515 (4)
876 3427 1060 3490 Ital.
1103 3427 1177 3505 6,
1226 3430 1306 3487 D.
1356 3448 1415 3489 2.
1467 3425 1570 3499 15,
1620 3425 1738 3507 (de
1782 3422 2137 3504 transact.)
2189 3442 2301 3503 per
2338 3420 2382 3480 l.
2430 3442 2496 3497 1,
2548 3420 2577 3502 §
2638 3444 2664 3482 1
2699 3469 2721 3495 ,

617 3539 699 3608 D.
777 3557 876 3619 29.
945 3535 1006 3595 3.
1066 3536 1480 3617 (testamenta
1554 3530 1902 3615 quemadm.
1958 3528 2118 3611 ap.)
2172 3527 2459 3610 explicita
2513 3525 2726 3590 alium

617 3644 814 3706 habet
832 3660 1115 3720 sensum3
1146 3639 1274 3701 etl.
1303 3638 1517 3719 48,D.
1542 3638 1640 3715 50,
1673 3660 1765 3721 17.
1786 3635 2074 3721 (deR.J.)
2096 3655 2208 3716 per
2227 3633 2272 3695 l.
2298 3634 2333 3693 3
2353 3681 2369 3710 ,
2392 3634 2470 3710 D.
2502 3631 2605 3712 24.
2644 3656 2725 3712 2,

622 3752 730 3835 (de
752 3751 829 3811 R.
852 3748 949 3831 J.)
981 3748 1269 3829 restringi
1297 3745 1521 3807 debere
1545 3745 1795 3811 videtur
1819 3790 1840 3822 ,
1869 3739 1972 3805 vel
1994 3740 2103 3801 illa
2124 3760 2237 3822 per
2264 3739 2424 3826 hanc
2443 3744 2708 3802 extendi
2731 3783 2746 3798 .

707 3857 812 3940 (5)
853 3856 1059 3917 Dubia
1104 3851 1250 3915 talia
1295 3854 1528 3914 moveri
1554 3861 1814 3933 possunt
1861 3850 2023 3910 circa
2065 3846 2109 3907 l.
2141 3845 2219 3907 38
2242 3895 2257 3922 ,
2288 3868 2384 3929 pr.
2413 3846 2494 3907 D.
2527 3845 2602 3923 4,
2637 3848 2682 3927 4
2705 3898 2729 3928 ·

620 3966 736 4046 (de
767 3961 1092 4046 minoi-ib.)
1134 3982 1151 4020 :
1183 3959 1327 4023 vide
1350 3958 1651 4019 Thesaur.
1690 3957 1933 4019 dissert.
1966 3953 2194 4036 belgic.
2228 3954 2302 4012 T.
2326 3980 2331 3986 ·
2356 3975 2378 4012 1
2410 3998 2431 4030 ,
2465 3974 2530 4034 p.
2571 3955 2609 4013 3
2629 3958 2730 4035 14.

620 4069 948 4150 Eckhard‚
990 4066 1459 4131 Hermeneutica
1497 4066 1646 4148 juris
1672 4064 1773 4127 ed.
1811 4059 2067 4127 walch.
2107 4058 2271 4122 1802
2298 4106 2316 4138 ,
2361 4081 2424 4143 p.
2450 4059 2681 4122 28-30.
