2893 4778
544 268 646 355 44
857 294 1372 345 couussn‘unn
1420 295 1622 341 sums
1673 294 1959 344 nomam
2008 297 2327 346 tamn.

1460 434 1489 516 ς
1533 431 1750 495 xxu.

1376 568 1624 636 Codex
1672 573 1693 653 (
1732 595 1752 634 1
1791 576 1841 656 ).

648 739 669 779 1
684 767 698 780 .
730 713 951 780 Codex
965 716 1262 804 repetitae
1269 710 1719 804 praelectionis·
1729 726 1820 780 est
1838 711 2128 781 collectio
2141 717 2673 786 constitutionum

546 825 973 918 imperialium
1008 838 1119 893 aut
1153 829 1221 893 in
1253 828 1579 921 epitomen
1615 826 2018 895 redactarum
2036 879 2054 910 ‚
2092 842 2204 896 aut
2239 830 2489 921 integre
2528 855 2673 896 ser-

545 957 839 1011 ratarum
865 995 883 1023 ‚
948 965 1143 1033 quem
1192 942 1587 1007 Justinianus
1637 947 1934 1036 componi
1986 946 2182 1032 jussit.
2225 947 2680 1027 Vetustissima

544 1058 911 1123 constitutio
954 1068 1045 1121 est
1070 1050 1378 1123 Hadriani
1402 1109 1418 1135 ‚
1451 1057 1789 1126 novissima
1827 1059 2172 1123 Justiniani
2197 1064 2306 1142 (2).

635 1200 705 1240 2.
739 1174 968 1239 Differt
997 1169 1199 1239 codex
1236 1196 1273 1236 a
1304 1169 1637 1238 Pandectis
1673 1197 1783 1253 e0,
1807 1173 1982 1266 quod
2011 1199 2144 1240 non
2170 1171 2667 1262 jurisconsulto-

542 1312 690 1353 rum
715 1289 950 1378 scripta
983 1284 1092 1354 sed
1124 1287 1585 1377 imperatorum
1595 1291 1824 1379 jussus
1860 1289 2146 1354 continet
2163 1339 2180 1367 ‚
2208 1301 2276 1354 et
2297 1312 2433 1354 non
2458 1286 2668 1357 solum

540 1405 698 1490 juris
755 1401 1096 1468 decisiones
1158 1415 1220 1470 et
1273 1426 1571 1494 responsa
1604 1455 1621 1483 ,
1686 1402 1797 1468 sed
1864 1427 2059 1470 novas
2110 1400 2281 1493 leges
2352 1401 2468 1487 (3)
2509 1428 2527 1483 3
2578 1403 2665 1468 ab
2719 1382 2720 1387 ἵ

543 1518 1055 1583 Institutionibus
1088 1569 1105 1598 ,
1170 1516 1347 1609 quod
1391 1542 1550 1609 opus
1595 1518 1720 1582 hoc
1775 1519 1930 1605 juris
1974 1515 2286 1582 elementa
2332 1517 2618 1583 continet
2640 1566 2665 1598 ,

546 1630 785 1698 Codice
805 1645 915 1698 aut
933 1634 1091 1724 ipsas
1107 1634 1263 1721 juris
1273 1630 1634 1713 decisioneS,
1655 1645 1763 1697 aut
1777 1634 1794 1695 i
1798 1622 1936 1724 psas
1947 1629 2113 1722 leges
2127 1630 2453 1696 referente.
2471 1630 2664 1697 Hisce

545 1748 615 1811 in
640 1769 718 1812 eo
752 1744 973 1811 similis
995 1798 1011 1826 ,
1056 1744 1231 1838 qu‘od
1258 1750 1353 1833 jus
1389 1759 1568 1814 vetus
1613 1760 1679 1812 et
1712 1772 1954 1812 novum
2004 1743 2195 1811 simul
2233 1743 2664 1837 amplectitur.

635 1863 695 1928 3.
740 1862 979 1929 Fontes
1025 1860 1281 1932 Codicis
1320 1875 1502 1929 erant
1536 1860 1762 1928 Codex
1787 1861 2214 1952 Gregorianus
2234 1913 2251 1940 ‚
2305 1860 2670 1953 Hermoge—

544 1975 802 2056 nianuS‚
853 1976 1340 2044 Theodosianus
1357 2029 1376 2058 ‚
1430 1976 1714 2046 Novellae
1778 1979 2255 2044 constitutiones
2293 1990 2437 2069 post
2480 1977 2663 2044 hunc

498 2093 505 2101 ’
543 2091 780 2155 emissae
798 2141 815 2169 ,
854 2092 1082 2181 quibus
1105 2091 1416 2162 accedunt
1439 2091 1740 2185 plurima}
1761 2092 1842 2157 ab
1873 2086 2011 2183 ipso
2039 2092 2394 2161 Justiniano
2431 2090 2659 2184 publi-

543 2216 699 2270 catae
741 2202 907 2295 leges
961 2206 1075 2289 (4).

633 2316 702 2402 4.
755 2317 1304 2386 Constitutionum
1344 2333 1557 2387 autem
1581 2323 1650 2387 in
1673 2298 1766 2388 eo·
1777 2323 2132 2415 positarum
2157 2319 2401 2388 diversa
2429 2332 2521 2386 est
2539 2346 2660 2387 na-

542 2445 703 2499 tura.
737 2436 883 2502 Duo
898 2459 1132 2526 genera
1152 2449 1419 2527 possunt
1442 2436 1715 2502 describi
1750 2465 1766 2502 ε
1810 2451 1919 2504 aut
1949 2436 2303 2503 secundum
2323 2440 2418 2524 jus
2435 2437 2662 2527 vigens

541 2560 864 2627 statuunt,
899 2561 1009 2614 aut
1053 2574 1220 2618 nova
1247 2552 1539 2615 sanciunt
1574 2551 1704 2636 (5).
1747 2553 2058 2617 Praeterea
2089 2563 2239 2616 sunt
2264 2548 2661 2642 personales

542 2663 1020 2728 constitutiones
1041 2714 1060 2743 ‚
1116 2688 1388 2758 quarum
1427 2664 1723 2755 specialia
1774 2664 1928 2732 olim
1967 2664 2305 2757 privilegia
2345 2665 2656 2732 universae

542 2774 729 2841 alicui
764 2777 1104 2847 hominum
1144 2776 1318 2843 classi
1352 2802 1525 2844 nunc
1555 2779 1752 2846 tribui
1787 2778 2134 2846 dicendum
2174 2778 2475 2871 videtur.
2531 2785 2538 2788 ’

633 2888 693 2955 5.
738 2891 1100 2960 Auctoritas
1128 2893 1444 2957 ¹omnium
1476 2895 2006 2962 constitutionum
2051 2890 2307 2958 Codicis
2334 2915 2415 2957 ex
2445 2891 2484 2956 J
2488 2890 2658 2956 usti-

626 3109 732 3188 (ι)
774 3109 928 3170 Tres
976 3110 1147 3193 praef.
1201 3110 1278 3170 de
1318 3133 1482 3173 novo
1523 3112 1675 3172 Cod.
1724 3113 1838 3173 fac.
1885 3109 2136 3191 (528);
2187 3109 2264 3169 de
2310 3111 2458 3189 just.
2492 3108 2650 3169 Cod.

541 3213 708 3273 conf.
739 3214 969 3297 (529);
999 3216 1075 3275 de
1101 3217 1343 3278 emend.
1376 3217 1528 3277 Cod.
1559 3221 1578 3296 (
1595 3218 1771 3300 534).
1803 3209 2288 3301 Spcingenbetg,
2320 3238 2382 3299 p.
2415 3213 2654 3299 63-71;

541 3321 799 3383 Berriat
832 3323 1180 3400 St.-Prix,
1226 3347 1289 3406 p.
1346 3323 1640 3407 141-149.
2013 3331 2017 3335 ”

625 3429 741 3509 (2)
786 3428 1019 3520 Omnes
1043 3430 1448 3511 imperatores
1478 3452 1744 3513 quorum
1771 3431 2243 3491 constitutiones
2265 3427 2470 3491 Codex
2497 3449 2655 3489 con-

540 3535 699 3594 tinet
738 3547 1059 3596 enumerat
1110 3538 1361 3597 Ber-rim
1395 3538 1743 3612 St.-Prix,
1785 3537 2000 3620 p.363-
2014 3538 2157 3622 376.

547 3654 555 3660 ²
626 3642 730 3721 (3)
773 3641 894 3702 Per
941 3642 1328 3704 oblivionem
1384 3644 1512 3705 duo
1563 3648 1938 3728 scriptorum
1998 3646 2225 3727 fragm.
2288 3644 2356 3704 in
2416 3640 2650 3703 Codice

542 3746 735 3809 relata
758 3795 778 3825 ‚
831 3770 905 3811 ex
942 3751 1224 3812 Basilicis
1264 3756 1555 3814 restituta
1581 3802 1598 3830 ,
1641 3753 1683 3814 l.
1722 3776 1756 3838 7
1788 3765 1852 3815 et
1882 3752 1922 3814 8
1944 3800 1961 3831 ‚
1997 3774 2051 3813 c.
2093 3751 2232 3837 9-8.

623 3852 732 3935 (4)
773 3856 945 3917 Inter
980 3856 1093 3919 has
1122 3879 1374 3942 quoque
1411 3859 1463 3922 L
1502 3860 1844 3924 decisiones
1884 3860 2234 3923 Iustiniani
2256 3906 2278 3938 ‚
2325 3874 2481 3941 quas
2512 3856 2660 3942 ipse

540 3961 892 4044 distinguit.

620 4067 729 4149 (5)
774 4051 934 4131 ‘vide
974 4069 1004 4154 ς
1045 4071 1162 4134 xi.
