2893 4778
807 398 812 401 ,
883 348 1098 396 mmm
1150 349 1202 396 1.
1257 322 1354 378 ---'
1404 346 1561 397 ear.
1613 348 1674 399 v.
2202 324 2341 429 ²39
2454 314 2457 321 ¹

342 470 483 544 156.
533 469 722 538 Actio
756 469 972 537 locum
998 470 1235 536 habere
1258 493 1389 537 non
1420 481 1628 562 potest
1651 521 1665 547 ,
1706 469 1869 538 uisi:
1902 493 1962 539 α.
1985 471 2208 538 Actori
2243 475 2344 559 jus

242 597 597 677 competat,
642 589 816 670 cujus
849 583 1181 673 judiciaria
1214 585 1568 676 persecutio
1604 582 1852 676 legibus
1876 596 1986 651 aut
2013 584 2138 675 aiio
2169 600 2342 653 certo

237 705 374 787 jure
417 699 720 791 permissa
741 692 822 762 'et
877 697 1285 788 comprobata
1338 710 1431 764 est
1465 720 1485 781 ς
1535 709 1599 763 et
1640 697 1701 762 b.
1754 696 1923 764 Reus
1974 697 2137 767 adsit
2160 751 2181 779 ,
2227 704 2341 792 qui
2406 773 2411 783 ,

237 813 410 881 facto
472 835 586 878 suo
661 809 823 876 illud
873 811 1321 879 contrectavit.
1382 809 1551 878 Sunt
1612 812 1814 903 igitur
1876 810 2020 878 duae
2079 815 2359 881 actionis·-

236 925 665 1004 conditiones,
716 918 877 991 :mus
917 923 1110 990 altera
1149 937 1213 990 et
1247 924 1442 991 altera
1478 948 1652 990 nen
1682 951 1707 1006 3„
1728 1016 1733 1021 Δ
1756 927 2128 1018 interpretes
2164 927 2347 995 illam.

236 1066 493 1110 causam
523 1038 626 1107 vel
644 1037 1170 1130 fundamentum
1210 1036 1471 1130 agendi
1502 1052 1816 1105 remotum
1836 1090 1852 1120 ‚
1888 1039 2055 1107 hanc
2068 1035 2359 1131 funda-'

246 1169 543 1222 mentum
584 1152 846 1243 agendi
853 1155 1243 1243 proximum
1280 1150 1598 1243 appellare
1631 1168 2092 1222 consueverunt
2122 1160 2255 1242 (1).

322 1270 437 1336 Jus
471 1265 645 1360 quod
671 1267 918 1333 actione
945 1268 1237 1359 persequi
1265 1266 1562 1334 volumus
1589 1317 1605 1347 ‚
1626 1292 1929 1359 praesens,
1972 1269 2024 1334 i.
2057 1294 2119 1335 e.
2155 1270 2342 1362 plene

238 1386 637 1477 acquisitum
668 1370 751 1447 sit
801 1392 1053 1471 oportet
1098 1383 1234 1459 (ηο.
1280 1381 1412 1466 88)
1478 1383 1645 1466 (2),
1690 1394 1755 1448 et
1792 1395 2023 1448 nostrae
2059 1390 2343 1475 personae

236 1509 601 1590 competat3
631 1520 783 1562 nam
814 1519 895 1560 ex
915 1497 1053 1582 jure
1085 1493 1295 1575 tertii,
1328 1506 1401 1560 ut
1426 1492 1694 1574 dicitur,
1725 1494 1903 1563 nulla
1934 1494 2122 1562 datur
2144 1501 2339 1566 actio.

237 1612 523 1683 Alterius
557 1610 818 1676 nomine
863 1621 1078 1674 tamen
1107 1613 1361 1701 ejusque
1394 1607 1694 1675 mandato
1739 1632 1925 1701 ageoe
1958 1610 2142 1677 nobis
2166 1611 2341 1679 licet.

335 1726 480 1819 157.
523 1724 707 1790 Finis
753 1724 960 1790 omnis
1022 1724 1288 1789 actionis
1337 1724 1407 1788 in
1456 1724 1551 1789 rei
1603 1722 2132 1792 condemnatione
2178 1736 2353 1793 con‘-.

236 1841 399 1908 sistit
431 1892 449 1920 ,
518 1861 661 1931 quae
720 1836 905 1904 illum
956 1835 1038 1903 ad
1096 1835 1163 1903 id
1193 1888 1211 1917 ,
1264 1835 1440 1930 quod
1466 1838 1770 1928 ‘petimus
1803 1887 1821 1918 ,
1880 1839 2344 1909 restituendum

243 1958 415 2048 cogit
457 1979 607 2020 cum
649 1955 824 2019 omni
855 1975 1077 2031 causa,
1113 1951 1156 2016 i.
1194 1976 1250 2019 e.
1280 1976 1428 2018 cum
1449 1952 1624 2018 omni
1643 1975 1719 2018 eo
1748 2002 1766 2031 ,
1806 1950 1984 2042 quod
2013 1953 2345 2022 habuisse—-

242 2092 412 2146 mm,
455 2069 511 2151 si
531 2064 691 2133 alter
725 2070 821 2154 jus
845 2078 1136 2132 nostrum
1169 2089 1300 2133 non
1330 2065 1578 2133 laesisset
1609 2064 1700 2152 (3)
1729 2116 1746 2146 ,
1788 2066 1878 2133 uti
1900 2079 2047 2132 sunt
2066 2066 2346 2150 fructus,

243 2205 449 2248 usurae
484 2231 501 2260 ‚
545 2179 782 2246 damni·
814 2172 1143 2246 aestimatio
1179 2228 1199 2258 ‚
1274 2177 1404 2244 litis
1466 2180 1783 2270 impensae.
1854 2176 2052 2268 Quod
2096 2181 2151 2245 si
2205 2181 2346 2248 haec

241 2299 557 2364 restitutio
602 2293 1033 2385 negligeretur
1061 2343 1080 2374 ,
1140 2317 1286 2360 cum
1337 2295 1431 2358 rei
1473 2292 1838 2385 principalis
1894 2292 2345 2362 condemnatio

243 2412 419 2479 fieret
453 2462 472 2489 ‚
501 2436 536 2477 e
573 2409 793 2502 regula
826 2408 1002 2477 nulla
1036 2407 1158 2474 alia
1194 2411 1443 2475 actione
1472 2407 1647 2476 illam
1682 2410 1979 2501 persequi
2019 2433 2347 2501 possumus

246 2531 385 2613 (n0.
416 2525 536 2616 76,
564 2537 713 2590 nota
742 2526 819 2610 4)
853 2522 984 2612 (14).
1027 2523 1220 2591 Actio
1252 2523 1381 2611 jam
1406 2535 1556 2590 nata
1571 2522 1810 2590 idcirco
1840 2524 1999 2611 juris
2015 2509 2358 2612 vinculum..
2408 2505 2425 2530 ⁸

254 2646 422 2710 inter
452 2653 804 2709 actoremet
852 2664 1034 2706 reum
1071 2639 1424 2720 constituit5
1472 2663 1599 2731 quo
1642 2640 1752 2706 hic
1793 2637 1874 2708 ad
1918 2638 2348 2731 praestandum
2421 2709 2425 2713 ,

246 2755 541 2850 compelli
584 2767 791 2848 potest
833 2759 965 2839 (n0.
999 2754 1151 2845 96).
1206 2752 1361 2822 Haec
1402 2767 1617 2821 autem
1655 2756 1823 2820 inter
1870 2764 2219 2849 utrumque
2260 2768 2353 2821 est

332 3024 470 3105 (ι)
512 3020 904 3098 Quibusdam
956 3023 1024 3082 in
1070 3022 1312 3083 casibus
1342 3068 1361 3098 ,
1409 3019 1660 3104 quando
1709 3018 1994 3103 specialis
2045 3020 2197 3103 juris
2242 3043 2356 3081 ac·-

253 3129 476 3210 quisiti
521 3149 704 3188 causa
748 3128 1063 3209 probanda
1104 3140 1198 3189 est
1228 3176 1248 3205 ‚
1290 3128 1768 3188 fundamentum
1800 3125 2028 3210 agendi
2069 3128 2359 3188 interme—

251 3235 429 3296 dium
468 3233 908 3315 distinguitur,
955 3246 1027 3296 ut
1066 3237 1134 3295 in
1167 3233 1258 3296 rei
1291 3234 1741 3297 vindicatione.

340 3342 446 3421 (2)
489 3343 560 3402 L.
595 3342 894 3425 9pr.‚D.
928 3363 1038 3419 12,
1083 3364 1106 3403 1
1133 3388 1150 3419 ‚
1182 3342 1305 3424 (de
1326 3342 1459 3403 reb.
1492 3340 1757 3420 credit.)
1785 3360 1808 3420 3
1846 3339 1888 3402 l.
1917 3336 2038 3418 35,
2065 3342 2148 3403 D.
2185 3341 2257 3417 5,
2294 3364 2315 3401 1
2339 3387 2359 3420 ‚

254 3448 384 3531 (de
412 3448 699 3528 judic.);
741 3448 787 3510 l.
831 3446 904 3527 14
942 3471 1039 3532 pr.
1066 3497 1084 3526 ‚
1118 3452 1197 3511 D.
1248 3449 1357 3527 13,
1417 3469 1439 3509 1
1461 3489 1488 3536 ,
1529 3448 1640 3530 (de
1674 3448 1941 3511 condiet.
1985 3448 2282 3531 furtiva).

341 3556 452 3636 (3)
497 3555 567 3614 L.
596 3556 665 3615 31
695 3577 789 3637 pr.
819 3602 835 3631 ,
877 3547 1065 3617 1212
1090 3604 1108 3634 ,
1143 3578 1165 3617 1
1194 3605 1212 3635 ,
1244 3557 1352 3636 (de
1380 3557 1515 3618 reb.
1551 3555 1794 3639 cred.);
1835 3556 1881 3616 l.
1911 3553 1997 3631 6,
2026 3554 2097 3615 C.
2140 3556 2377 3638 7,32,'

257 3658 375 3742 (de
397 3681 532 3741 aeq.
568 3658 670 3721 vel
706 3662 889 3721 retin.
933 3682 1095 3745 poss·
1118 3665 1181 3745 );
1219 3664 1264 3725 1.
1302 3683 1380 3723 20
1402 3711 1419 3739 ,
1462 3660 1543 3724 D.
1577 3660 1653 3739 6,
1701 3683 1725 3722 1
1755 3708 1773 3738 ,
1804 3659 1920 3742 (de
1949 3662 2037 3721 rei
2066 3643 2367 3742 modim).

337 3766 449 3849 (4)
495 3769 571 3827 L.
611 3768 714 3843 13,
755 3767 835 3829 26
872 3791 968 3851 pr.
993 3815 1011 3843 ,
1037 3769 1107 3829 C.
1138 3765 1219 3847 4,
1266 3770 1344 3830 32
1368 3816 1385 3845 ,
1414 3767 1526 3851 (de
1558 3767 1833 3849 usuris);
1862 3767 1911 3829 l.
1939 3764 2012 3845 4,
2046 3765 2115 3827 C.
2143 3765 2220 3844 4,
2251 3767 2406 3857 34,ς

258 3871 631 3955 (depositi),
671 3870 714 3938 l.
761 3893 913 3955 129,
956 3873 985 3957 ς
1017 3894 1039 3935 1
1064 3920 1082 3952 ‚
1123 3872 1170 3936 l.
1207 3873 1358 3958 178,
1388 3875 1471 3936 D.
1509 3871 1586 3935 50
1609 3918 1626 3950 ,
1678 3894 1746 3957 17
1774 3920 1793 3949 ‚
1825 3873 1948 3955 (de
1974 3892 2101 3956 reg.
2129 3871 2375 3952 jurisz).

255 3975 659 4061 Exceptiones
676 3978 955 4044 habent:
996 3980 1040 4045 l.
1078 4005 1100 4047 ι
1123 4028 1142 4064 ,
1172 3983 1243 4049 C.
1268 3985 1331 4068 3,
1361 4004 1387 4047 1
1415 4031 1438 4067 ,
1462 3975 1961 4070 (dejudiciis);1.
1991 3982 2064 4060 3,
2088 3981 2158 4044 C.
2190 3982 2232 4062 4
2250 4002 2326 4077 ‚9
2345 4027 2368 4065 ,

271 4084 295 4167 (
324 4084 401 4148 de
426 4085 703 4150 condiet.
734 4107 805 4149 ex
831 4086 1041 4171 lege.)

1996 4214 2087 4293 ¹9
