2893 4778
848 310 1068 362 muna
1117 309 1170 360 1.
1223 327 1319 342 --
1368 308 1528 361 cu».
1579 310 1679 360 ιν.
1986 339 1989 342 -
2191 289 2339 390 269

211 436 503 529 aliquem
552 456 676 529 pro
735 436 1166 503 consentiente
1230 435 1463 527 accipit
1502 485 1521 516 ‚
1583 436 1778 502 etiam
1835 436 1907 502 sia
1942 439 2337 506 contrarium

216 537 639 646 manifestum
667 551 750 618 sit
786 555 809 635 (
841 575 864 616 1
891 556 942 635 ).
988 548 1173 634 Illam
1217 550 1590 641 interpretes
1618 553 2136 642 praesumtionem
2177 555 2337 642 juris

215 680 284 733 ct
322 665 406 733 de
432 666 608 735 facto
631 718 650 748 ,
695 665 863 733 hanc
890 664 1406 758 praesumtionem
1430 668 1590 754 juris
1626 678 1692 733 et
1731 664 1812 733 de
1837 670 1979 755 jure
2018 667 2337 760 appellare

215 792 714 850 consueverunt.
1433 797 1438 803 ·

320 892 470 961 135.
509 894 831 961 Vitiosum
868 889 1151 959 reddunt
1195 879 1529 984 negotium
1578 914 1765 974 error
1795 942 1813 973 ,
1847 894 1965 962 wis
2015 907 2082 962 et
2125 907 2334 964 metus

217 1030 343 1075 nec
368 1031 504 1074 non
530 1006 712 1075 dolus
729 1058 748 1089 ,
770 1008 822 1073 si
849 1027 1183 1074 consensus
1200 1007 1332 1098 ipse
1359 1007 1437 1072 iis
1464 1007 1726 1088 vitietur
1750 1033 1769 1091 3
1809 1006 1902 1073 ita
1936 1007 2233 1100 quidem,
2259 1021 2336 1079 ut

221 1120 571 1215 aliquando
607 1121 864 1214 negotia
905 1120 1159 1189 inutilia
1199 1118 1300 1189 vel
1343 1118 1520 1187 nulla
1564 1120 1788 1188 haberi
1839 1120 2112 1192 debeant
2132 1175 2151 1204 ,
2209 1123 2334 1190 al‘i-

222 1234 484 1327 quando
511 1259 663 1305 vero
694 1233 966 1302 rescindi
985 1236 1227 1328 possint
1245 1235 1315 1300 in
1341 1246 1552 1301 totum
1577 1232 1822 1327 vel-pro
1849 1249 2052 1328 parte.
2077 1237 2149 1305 Si
2167 1239 2338 1306 circa

222 1348 385 1417 illud
418 1351 628 1443 ipsum
664 1349 744 1416 de
785 1374 920 1442 quo
949 1352 1280 1441 negotium
1321 1348 1728 1415 contrahitur
1773 1363 2057 1418 erratum
2096 1352 2290 1419 fuerit
2318 1404 2338 1434 ‚

228 1477 396 1532 certe
414 1464 543 1532 hoc
563 1462 800 1533 nullius
813 1465 1124 1531 momenti
1147 1476 1241 1531 est
1260 1513 1279 1546 ,
1320 1464 1628 1554 quoniam
1645 1487 1822 1531 error
1844 1468 2055 1557 ipsum
2074 1490 2341 1538 consen-

225 1603 367 1646 sum
397 1576 570 1646 tollit
620 1582 757 1663 (2).
799 1577 1030 1644 Omnis
1071 1584 1285 1644 autem
1324 1602 1507 1645 error
1550 1591 1660 1645 aut
1687 1579 1846 1668 juris
1893 1590 2002 1647 aut
2040 1579 2193 1649 facti
2225 1593 2339 1650 est.

229 1694 582 1785 Utriusque
596 1691 829 1762 diversi
856 1707 1004 1759 sunt
1028 1693 1284 1761 effectus
1313 1691 1403 1776 (3)
1429 1744 1445 1773 ,
1470 1690 1549 1759 de
1581 1694 1809 1785 quibus
1833 1694 2111 1763 breviter
2133 1694 2340 1789 dispi-

227 1806 530 1875 ciendum
566 1820 677 1874 est.
729 1806 925 1897 Quod
977 1808 1029 1873 si
1067 1816 1242 1872 enim
1275 1805 1494 1898 aliquo
1528 1830 1743 1874 errore
1777 1821 1889 1875 aut
1930 1811 2084 1894 juris
2111 1809 2340 1879 factive

230 1924 595 2014 ignorantia
630 1921 808 1990 ducti
856 1920 1016 2014 quid
1063 1921 1329 1988 fecimus
1349 1972 1365 2002 ‚
1416 1922 1719 2015 gessimus
1763 1926 2086 2017 egimusve
2106 1977 2123 2006 ,
2149 1925 2342 1994 unde

230 2036 544 2104 damnum
580 2038 766 2104 nobis
803 2036 1051 2106 illatum
1097 2035 1426 2105 lucrumve
1464 2039 1760 2103 amissum
1798 2038 1990 2105 fuerit
2008 2090 2025 2119 ‚
2086 2038 2245 2106 illud
2266 2041 2343 2106 in

233 2156 586 2245 quaestione
617 2165 711 2220 est
739 2181 756 2218 ε
792 2178 871 2219 an
905 2156 1136 2219 erroris
1165 2176 1350 2219 causa
1386 2151 1654 2243 probata
1670 2197 1701 2232 ,
1735 2150 2043 2219 damnum
2066 2154 2346 2246 effugere

230 2265 563 2336 lucrumve
593 2291 965 2359 recuperare
999 2267 1303 2359 possimus
1320 2316 1339 2345 ,
1389 2289 1510 2331 nec
1547 2289 1630 2331 ne
1656 2266 1687 2331 ἰ’
1729 2267 1820 2332 Et
1856 2265 2234 2359 quibusdam
2271 2267 2347 2335 in

233 2383 480 2450 casibus
524 2405 706 2449 error
750 2380 1004 2474 prodest
1031 2431 1050 2462 ‚
1094 2383 1165 2447 in
1208 2377 1589 2473 quibusdam
1632 2393 1836 2461 nocet.
1879 2382 1920 2448 J
1921 2384 2052 2447 uris
2084 2379 2346 2473 quidem

233 2521 414 2565 error
451 2495 650 2588 vulgo
683 2509 900 2577 nocet,
929 2495 1079 2562 facti
1110 2519 1146 2560 e
1179 2493 1401 2588 regula
1429 2492 1724 2586 prodest,
1761 2493 1937 2586 quod
1979 2493 2238 2561 diversis
2274 2496 2346 2560 in

314 2714 430 2794 (1)
472 2711 555 2772 V.
601 2732 661 2795 g.
691 2712 764 2771 L.
817 2709 930 2788 16,
975 2712 1055 2773 D.
1084 2712 1159 2793 37
1196 2758 1214 2787 ,
1251 2731 1273 2770 1
1305 2757 1321 2785 ,
1370 2711 1488 2795 (de
1525 2711 1673 2773 bon.
1721 2708 2225 2793 posS.);a1·g'.l.
2276 2730 2343 2785 1,

239 2816 267 2900 ᾗ
302 2839 326 2878 1
362 2837 385 2896 3
415 2816 459 2878 l.
519 2817 592 2880 18
626 2864 645 2895 ‚
687 2820 767 2879 D.
802 2818 882 2880 35
911 2865 930 2896 ,
975 2839 1049 2896 2,
1095 2819 1223 2898 (ad
1276 2817 1395 2902 leg.
1439 2816 1696 2896 falcid.)
1729 2837 1750 2894 3
1780 2816 1861 2878 Α.
1898 2817 1982 2877 1).
2029 2815 2348 2879 Alteserra

236 2924 311 2985 de
359 2906 672 2986 fictionib.
722 2926 929 3007 juris»,
973 2924 1072 2986 ed.
1133 2944 1342 2999 nova,
1385 2922 1557 2983 Halae
1612 2920 1805 3006 1769,
1853 2922 1949 2985 8⁰.
2391 2903 2395 2907 “

187 3114 190 3119 μ
314 3036 434 3119 (2)
483 3058 513 3091 ιι
543 3034 679 3096 Non
718 3045 976 3118 possunt
1008 3035 1117 3118 qui
1145 3045 1355 3097 errant
1385 3034 1740 3123 *consentire
1779 3062 1806 3091 ι»
1830 3054 1850 3111 3
1878 3034 1947 3095 L.
1982 3032 2085 3118 57,
2117 3036 2198 3095 D.
2223 3031 2306 3112 44
2323 3081 2348 3112 ,

238 3164 271 3226 7
298 3188 318 3218 ‚
369 3142 499 3222 (dc
517 3141 595 3203 Ο.
628 3153 692 3203 et
721 3142 841 3219 A.)
877 3164 897 3202 ε
952 3142 1032 3203 de
1080 3162 1287 3204 errore
1336 3149 1690 3204 contractus
1742 3142 2004 3208 vitiante
2055 3142 2124 3201 in
2150 3142 2348 3202 ‘tertio

237 3246 412 3310 libro
461 3247 832 3332 diligentius
877 3248 1249 3311 videbimuS.

315 3357 408 3436 (3)
435 3355 517 3415 D.
542 3375 619 3415 22
637 3355 715 3434 ‚6
734 3403 751 3432 ,
775 3355 884 3434 (de
901 3356 1055 3438 juris
1077 3366 1139 3417 et
1166 3355 1315 3416 facti
1335 3356 1614 3443 ignor.);
1652 3354 1723 3415 C.
1762 3375 1819 3431 ι,
1853 3352 1926 3415 r8
1948 3401 1966 3431 ‚
2002 3352 2122 3433 (de
2137 3374 2350 3415 errore

231 3462 443 3545 juris).
471 3461 604 3524 Hoc
624 3472 1055 3547 argumentum
1077 3461 1371 3523 latissime
1389 3464 1643 3523 tracturi
1668 3444 1874 3549 potest
1900 3472 1964 3523 ct
1998 3481 2035 3521 a
2060 3460 2350 3543 pluribus

235 3579 575 3631 tractatum
610 3580 702 3630 est
746 3615 764 3646 ,
848 3589 1115 3652 quorum
1176 3567 1523 3651 exemplum
1573 3568 1655 3631 ob
1695 3571 2083 3652 angustiores
2141 3569 2349 3648 operis

236 3676 441 3738 nostri
491 3675 647 3737 fines
689 3677 863 3758 sequi
907 3696 1022 3736 nos
1072 3695 1420 3759 possumuS.
1489 3674 1654 3738 Vide
1702 3673 1950 3737 Donelli
1997 3674 2346 3735 Comment.

238 3783 290 3844 1.
330 3805 354 3843 1
375 3781 583 3845 18-23.
638 3802 768 3844 von
798 3782 1018 3860 Loeht·‚
1041 3782 1351 3863 Magazin
1377 3780 1486 3859 IV,
1516 3780 1825 3864 ps35-56.
1856 3780 2081 3842 Archiv
2102 3778 2225 3851 fiir·¹
2246 3775 2351 3837 die

238 3890 403 3950 civil.
443 3890 688 3952 Praxis
711 3933 730 3966 ,
764 3888 842 3949 T.
896 3889 953 3949 II
979 3935 998 3966 ,
1049 3911 1112 3972 p.
1139 3887 1415 3967 361-451
1461 3891 1748 3965 (auctor-e
1798 3884 2297 3957 Mt'iklenbruch.)
2325 3903 2349 3961 ς

244 3996 479 4073 (ἔΖίὶσΙε,
512 3998 932 4059 Commentar.
957 3996 1035 4058 Τ.
1062 3995 1286 4069 xxn,
1322 4017 1385 4077 p.
1411 3994 1534 4077 269
1552 4005 1615 4054 et
1641 4015 1774 4075 seq.
1826 3990 1966 4052 Von
2001 3990 2289 4072 Wening
2315 4038 2332 4067 ,
2373 4061 2379 4069 ,

249 4103 560 4183 Lehrbuch
587 4149 611 4181 ,
640 4102 672 4187 §
723 4101 838 4165 128
852 4148 877 4179 ,
902 4103 1217 4186 epitomen
1254 4099 1482 4163 horum
1507 4103 1876 4184 scriptorum
1914 4096 2180 4160 exhibet.
