2893 4778
532 338 619 387 22
864 339 1371 388 coumsswrann
1420 342 1619 388 sums
1672 326 1953 389 Romam
2008 343 2321 395 rmvart,

527 475 876 540 statueret.
912 485 1042 553 quo
1073 459 1446 551 publicato,
1488 474 1782 553 piaetones
1825 463 2069 529 edicere
2117 461 2424 558 prohibiti
2467 467 2630 532 fuis-

531 593 687 645 sent.
756 577 908 645 Haec
974 577 1193 667 opinio
1252 576 1505 641 nonnisi
1569 576 1994 666 quorumdam
2063 581 2280 669 exigui
2335 579 2635 670 ponderis

531 707 863 759 auctorum
905 690 1278 759 testimoniis
1315 691 1563 768 nitenS‚
1604 716 1642 755 a
1679 692 2133 757 recentioribus
2166 694 2445 758 historiae
2481 697 2636 778 juris

527 810 777 878 romani
840 805 1253 900 scriptoribus
1313 805 1552 896 optime
1602 804 1874 872 refutata
1931 818 2023 872 est
2055 857 2072 887 ‚
2129 818 2436 898 tanquam
2497 807 2636 877 aliis

530 922 931 1019 gravioribus
964 920 1325 988 auctoribus
1356 920 1672 987 contraria
1711 924 1731 1003 (
1755 927 1838 1004 1).

620 1040 685 1104 N
685 1062 859 1129 egam
892 1049 1104 1103 tamen
1135 1062 1267 1103 non
1300 1047 1546 1127 potest,
1574 1032 1790 1106 addita
1816 1047 1957 1126 post
1985 1036 2159 1102 hunc
2186 1037 2634 1128 imperatorem

529 1153 738 1221 edicto
782 1153 990 1242 capita
1028 1175 1194 1217 nova
1233 1151 1565 1244 hucusque
1602 1152 1782 1218 nobis
1828 1150 2121 1217 nondum
2163 1152 2522 1218 innotuisse.

621 1265 853 1331 Edicta
890 1277 1195 1356 perpetua
1226 1266 1694 1335 commentariis
1729 1264 2286 1335 celeberrimorum
2327 1265 2639 1351 juriscon-

533 1379 846 1452 sultorum
878 1377 1184 1445 illustrata
1218 1392 1396 1458 sunt,
1437 1392 1503 1444 et
1537 1381 1712 1471 quasi
1752 1378 2245 1451 fundamentum
2270 1382 2463 1444 totius
2485 1381 2638 1477 juris

534 1494 784 1559 romani
817 1491 983 1559 facta
1028 1499 1164 1589 (2).
1200 1494 1441 1586 Magna
1466 1519 1610 1586 pars
1643 1493 2001 1563 edictorum
2024 1497 2094 1562 in
2122 1491 2454 1561 Pandectis
2485 1488 2634 1561 cum

536 1609 658 1677 illis
703 1610 1168 1701 commentariis
1217 1623 1582 1677 conservata
1639 1614 1833 1683 etiam
1881 1611 2240 1700 justinianei
2280 1612 2432 1698 juris
2475 1608 2641 1675 basis

539 1723 763 1797 haberi
799 1721 1005 1788 debet.
1438 1792 1454 1804 ‚
2398 1795 2410 1801 -

630 1838 815 1930 Varii
843 1849 1120 1903 recentes
1157 1835 1587 1923 jurisconsulti
1631 1837 1708 1903 de
1746 1837 1937 1904 edicti
1974 1838 2367 1911 restitutione
2398 1837 2638 1930 optime

541 1955 753 2021 meriti
782 1966 929 2019 sunt
965 1952 1075 2037 (3)
1106 2005 1121 2033 ‚
1162 1954 1331 2018 inter
1358 1979 1519 2045 quos
1552 1954 1869 2024 excellunt
1906 1954 2076 2039 Guil.
2109 1956 2477 2028 Ranchinus
2521 1962 2540 2038 (
2557 1954 2637 2045 4)

541 2080 624 2139 et.
656 2067 858 2135 Ortw.
876 2067 1398 2158 Westenbergius
1436 2069 1570 2153 (5).
2241 2058 2245 2063 .

1461 2209 1492 2292 ᾖ
1561 2206 1729 2272 XII.

767 2344 880 2412 De
907 2347 1069 2443 jure
1086 2389 1114 2424 ,
1159 2344 1342 2437 quod
1378 2344 1620 2412 dicitur
1661 2342 1945 2422 moribus
1991 2349 2417 2416 constitutum.

633 2486 675 2551 J
679 2511 748 2552 us
795 2485 969 2577 quod
999 2484 1174 2576 apud
1206 2500 1442 2552 veteres
1495 2487 1727 2553 dicitur
1768 2488 2051 2552 moribus
2100 2488 2514 2552 constitutum
2550 2485 2642 2568 (6)

543 2613 610 2667 et
649 2581 834 2691 apud‘
876 2603 1252 2665 recentiores
1313 2602 1937 2670 consuetudinarium
1962 2652 1978 2680 ‚
2042 2627 2176 2668 non
2219 2600 2410 2668 vilem
2471 2599 2646 2691 apud

627 2821 731 2901 (1)
778 2824 970 2903 Gaius
1005 2868 1021 2895 ‚
1088 2820 1198 2880 ubi
1242 2821 1319 2881 de
1377 2843 1449 2883 ea
1505 2820 1675 2903 loqui
1725 2820 2038 2882 debuisset
2080 2821 2151 2895 1,
2201 2819 2229 2900 §
2278 2819 2360 2896 6,
2412 2820 2489 2880 de
2529 2819 2645 2880 tali

545 2930 887 2991 mutatione
945 2927 1132 2988 edicti
1196 2927 1355 2987 silet.
1444 2928 1521 2986 G.
1596 2927 1873 3010 Hugonis
1938 2928 2287 3003 doctrinam
2365 2927 2647 3009 sequitur

544 3035 953 3096 Macieiowski
993 3034 1204 3096 Princ.
1257 3036 1369 3115 jur.
1420 3056 1573 3094 rom.
1603 3083 1620 3108 ,
1669 3051 1732 3117 p.
1788 3034 1985 3118 76-79
2032 3045 2095 3095 et
2142 3058 2207 3116 p.
2261 3033 2558 3097 125-132.

629 3141 733 3218 (2)
787 3139 1186 3201 Celeberrimi
1249 3140 1436 3199 edicti
1513 3152 2019 3202 commentatores
2084 3151 2229 3201 sunt
2302 3140 2589 3201 Julianus
2622 3188 2643 3216 ‚

544 3246 781 3326 Gaium,
827 3244 1097 3319 Paulus,
1143 3256 1205 3305 et
1245 3223 1592 3326 UlpianuS.
1785 3218 1796 3236 ι

624 3352 731 3432 (3)
775 3350 1063 3412 Haubold
1114 3352 1180 3411 in
1227 3352 1428 3432 Hugo.
1495 3354 1625 3412 Cio.
1681 3355 1861 3433 Mag.
1907 3354 1985 3413 T.
2038 3354 2135 3429 ΙΙ,
2184 3376 2245 3435 p.
2290 3352 2431 3414 288.
2479 3353 2638 3414 Inst.

544 3456 868 3531 literariae,
906 3457 983 3516 T.
1032 3458 1100 3529 Ι,
1151 3478 1211 3537 p.
1259 3459 1398 3517 331.
1443 3457 1596 3517 Inst.
1638 3457 1788 3519 hist.
1841 3459 1983 3542 dog.
2032 3459 2060 3541 §
2114 3458 2251 3519 183.

629 3563 734 3644 (4)
778 3562 1088 3623 Ranchini
1128 3566 1439 3624 restitutio
1480 3567 1799 3628 invenitur
1835 3567 1902 3626 in
1923 3566 2215 3641 Pothier3
2246 3565 2443 3625 Pand.
2478 3565 2646 3625 Just.

476 3669 487 3672 ’
545 3669 787 3737 Praefat.
834 3670 909 3727 T.
956 3670 1024 3741 1,
1073 3692 1132 3751 p.
1178 3670 1475 3744 CXXIII,
1522 3693 1667 3733 nov.
1712 3673 1809 3733 ed.
1857 3673 2053 3733 PariS.

633 3776 741 3854 (5)
784 3776 1106 3855 Principia
1162 3777 1308 3855 juris
1368 3780 1606 3837 romani
1667 3776 2003 3838 seeundum
2053 3777 2256 3838 ordin.
2326 3777 2644 3858 Digestor.

546 3903 710 3948 nova
750 3881 898 3941 edit.
945 3882 1219 3942 Berolini
1249 3931 1265 3954 ‚
1322 3883 1517 3961 1814,
1565 3906 1599 3943 2
1642 3883 1767 3944 vol.
1821 3883 1908 3945 80.

629 3987 731 4064 (6)
774 3988 842 4049 L.
887 3991 963 4050 32
1013 3987 1041 4069 9
1079 4010 1131 4050 1.
1182 3990 1259 4047 D.
1314 4011 1362 4049 1.
1410 3992 1468 4050 3.
1513 3991 1634 4070 (de
1671 3989 1901 4073 legib.)
1941 3991 2090 4075 Ulp.
2135 3991 2378 4071 Fragm.
2430 3972 2532 4050 ti't.
2581 3992 2655 4070 I,

545 4092 668 4177 §4
719 4095 934 4155 Cicero
981 4097 1142 4176 Top.
1178 4143 1194 4167 ,
1246 4118 1298 4154 c.
1350 4095 1406 4156 5.
