2893 4778
1010 323 1538 379 11111110011131110.
1947 302 1952 306 ’
2240 313 2334 415 47

219 457 641 540 interpretum
664 448 936 539 opinio·
971 471 1360 540 quamquam
1392 454 1566 517 enim
1585 452 1626 519 J
1629 457 1978 523 ust1n1anus
1996 442 2287 526 nullam
2269 487 2342 527 m

220 578 337 630 tota
355 562 789 629 collectione
772 561 1046 630 inveniri
1075 565 1496 630 antinomiam
1516 571 1903 661 ‚omniaque
1941 575 2109 639 inter
2126 598 2188 640 se
2218 576 2336 641 ad·-

216 679 481 745 versaria
497 721 527 756 ,
562 673 782 741 subtili
812 660 1334 767 interpretatione
1365 704 1543 769 posse
1573 687 1871 773 componi
1894 693 2262 771 statueret(1
2245 698 2334 774 1),

215 789 630 856 nihilominus
666 787 855 854 multi
884 802 1033 855 sunt
1061 814 1271 869 casuS‚
1307 793 1372 856 in
1415 793 1650 883 quibus
1708 820 1788 860 ex
1844 796 2087 866 diversa
2134 805 2338 866 inter.

214 903 586 993 pretationis
646 899 871 992 regula
947 902 1325 982 observata,
1388 903 1637 971 diversa
1711 911 1998 998 sequitur
2055 910 2333 979 decisio.

216 1014 427 1108 Vulgo
458 1067 476 1097 ,
543 1013 895 1080 secundum
949 1014 1105 1081 illud
1161 1029 1550 1108 praeceptum
1575 1070 1591 1098 ‚
1648 1019 1855 1112 legem
1922 1027 2334 1114 posteriorem

215 1131 406 1223 priori
458 1127 772 1220 derogare
791 1180 807 1208 ,
864 1127 1155 1197 Novellas
1202 1132 1496 1197 omnibus
1533 1137 1811 1224 corporis
1850 1139 2003 1221 juris
2047 1142 2334 1229 partibus

217 1244 494 1335 praeferri
528 1242 755 1308 debere
775 1241 1001 1310 dicunt
1022 1295 1037 1324 ‚
1061 1243 1370 1310 Codicem
1389 1245 1723 1312 Pande-ctis
1741 1260 1805 1312 et
1825 1249 2332 1319 Institutionibus

219 1358 471 1451 illasque
511 1357 714 1437 hisce,
761 1357 1016 1448 quando
1061 1360 1135 1422 iis
1175 1362 1509 1425 contrariae
1544 1362 1982 1429 invenirentur
2017 1368 2149 1447 (2).

302 1474 396 1539 Re
437 1484 657 1537 autem
691 1474 1041 1538 accuratius
1066 1476 1424 1541 examinata
1445 1525 1465 1556 ,
1494 1475 1629 1542 haec
1662 1489 1978 1568 praecepta
2013 1478 2330 1571 sequenda

225 1610 338 1653 osse
362 1598 664 1677 putamus
700 1611 718 1649 ε
1751 1601 1765 1609 ·

314 1715 398 1766 10.
442 1698 728 1768 Novellae
748 1750 764 1779 ,
794 1698 1113 1791 ‘tanquam
1152 1704 1557 1792 posteriores,
1601 1706 1823 1794 jusque
1853 1706 2130 1770 anterius
2188 1730 2329 1772 cor·-

224 1814 495 1906 rigentes
523 1814 689 1905 leges
710 1865 724 1893 ,
764 1816 1002 1880 caeteris
1031 1817 1312 1905 corporis
1352 1818 1507 1904 juris
1534 1819 1820 1907 partibus
1842 1869 1857 1897 ‚
1907 1820 2137 1910 quibus
2168 1844 2325 1887 con-

227 1930 424 1994 trariae
492 1930 909 1994 inveniuntur
937 1972 962 2008 ,
1019 1927 1374 2020 derogant,
1440 1942 1747 2021 aetateque
1796 1933 2009 2018 junior
2062 1933 2329 2001 Novella

230 2045 537 2110 anteriori.
594 2043 746 2108 Haec
785 2041 1046 2135 reg-ula,
1094 2068 1209 2136 per
1249 2056 1446 2112 semet
1485 2046 1685 2137 ipsam
1741 2049 2106 2135 perspicua,
2151 2046 2327 2113 nulla

232 2170 360 2248 eget
392 2158 790 2250 probatione.

311 2286 401 2336 20.
445 2273 879 2338 Institutiones
895 2284 959 2336 et
972 2266 1303 2338 Pandectae
1331 2266 1555 2337 eodem
1591 2282 1873 2362 tempore
1908 2269 2062 2361 legis
2098 2284 2327 2337 aucto-—

231 2387 400 2453 ritate
425 2388 692 2453 munitae
722 2411 857 2452 non
876 2385 998 2452 hac
1024 2388 1267 2452 ratione
1297 2387 1476 2452 sibi
1460 2388 1732 2454 mvicem
1761 2385 2106 2476 derogant,
2144 2385 2326 2476 quod

230 2499 539 2569 haeillaeve
573 2514 856 2593 tempore
887 2505 1258 2593 posteriores
1291 2505 1417 2567 sint
1441 2501 1788 2583 habendae3
1825 2441 1965 2580 sedo,

307 2641 375 2683 α.
438 2618 872 2682 Institutiones
931 2619 1001 2681 in
1057 2616 1209 2683 locis
1265 2622 1360 2704 jus
1415 2640 1658 2684 novum
1714 2629 2014 2706 vetusque
2073 2627 2326 2681 mutans

226 2730 688 2797 continentibus
730 2730 1063 2797 Pandectis
1125 2730 1432 2821 derogant
1458 2782 1473 2811 ,
1543 2731 1654 2795 ubi
1715 2731 1785 2794 in
1835 2729 1933 2795 his
1982 2727 2326 2796 decisiones

225 2868 298 2909 ex
347 2849 486 2930 jure
542 2846 846 2935 abrogato
902 2844 1083 2910 factae
1151 2846 1564 2913 inveniuntur
1610 2843 1696 2931 (3)
1741 2870 1759 2908 ε
1816 2843 1981 2909 hanc
2036 2842 2323 2934 regulam

223 2957 376 3023 infra
427 2983 649 3024 veram
693 2958 1120 3048 probabimus,

302 3071 371 3136 b.
418 3073 850 3138 Institutiones
884 3072 1103 3139 cedere
1122 3066 1354 3139 debent
1382 3065 1713 3138 Pandectis
1735 3121 1750 3151 ‚
1776 3065 2031 3161 quando
2068 3069 2170 3135 hae
2213 3095 2323 3136 re-

222 3184 435 3275 gulam
487 3185 609 3251 1llis
663 3198 1029 3252 contentam
1086 3188 1438 3251 accuratius
1508 3184 1832 3249 definiunt
1892 3184 2326 3276 exemplisque

221 3306 376 3394 aptis
407 3301 753 3387 illustrant.
807 3301 979 3367 Cum
1023 3303 1194 3366 enim
1237 3302 1327 3366 ibi
1363 3300 1673 3368 elementa
1705 3304 1856 3388 juris
1898 3313 2148 3366 tantum
2197 3303 2326 3367 sint

218 3421 529 3509 exposita,
576 3442 732 3509 opus
776 3441 997 3483 eorum
1060 3409 1569 3509 explanationem
1607 3416 2180 3507 amplissimamque
2211 3415 2319 3478 in-

299 3733 406 3817 (1)
440 3735 653 3796 Const.
715 3736 958 3811 Tanta,
1005 3734 1034 3818 5
1079 3734 1171 3796 15.

303 3841 402 3919 (2)
444 3843 538 3901 Ita
581 3860 796 3902 omnes
838 3842 966 3901 fere
1004 3852 1282 3902 auctores
1320 3842 1709 3923 pragmatici.

302 3971 406 4053 (3)
446 3974 545 4034 Ita
592 3972 622 4055 §
660 3971 778 4048 25,
817 3976 870 4034 I.
928 3995 981 4033 1.
1025 3994 1060 4033 2
1101 3973 1220 4057 (de
1274 3975 1349 4034 R.
1393 3974 1564 4055 div.)
1609 3992 1769 4033 nova
1820 3978 2098 4032 statuens
2156 3973 2319 4032 eirca

229 4079 733 4156 specificationem
780 4081 1094 4163 principia
1121 4125 1141 4158 ,
1190 4079 1404 4144 multis
1443 4082 1585 4161 Dig.
1629 4078 1990 4161 fragmentis
2035 4077 2310 4159 derogat.
