2893 4778
472 273 614 374 598
798 293 1308 346 coumnuunu
1358 294 1558 343 smus
1608 294 1889 343 nouam
1939 294 2257 343 PRIVATI-

469 425 584 514 qui
630 418 804 487 aliud
856 422 1087 488 vitium
1144 421 1215 485 in
1285 420 1702 511 acquisitione
1758 418 1962 486 adesse
2011 421 2278 512 putabat
2307 471 2326 501 ‚
2379 445 2577 513 quam

454 536 652 629 'quod
703 524 772 603 re
823 561 970 603 vera
1019 536 1364 602 intercessit
1429 540 1569 622 (1).
1622 535 1693 602 Si
1749 536 1891 627 quis
1950 559 2088 601 rem
2134 540 2530 628 comparavit
2553 588 2572 619 ‚

472 655 655 737 cujus
703 647 1080 741 particulam
1130 649 1363 719 sciebat
1428 672 1569 713 esse¹
1635 647 1909 714 alienam
1940 700 1958 730 ,
2033 649 2304 741 reliquas
2370 663 2588 741 partes

469 772 794 855 §usucapiet
824 814 840 842 ‚
877 765 930 829 si
977 760 1239 855 quidem
1283 765 1534 830 noverit
1560 813 1576 840 ‚
1632 786 1776 853 quae
1828 776 1985 829 esset
2043 762 2356 854 particula
2407 763 2521 829 illa
2555 790 2576 845 3

463 891 701 946 contra
733 903 875 945 non
926 879 1250 968 usucapiet
1305 881 1445 959 (2).
1481 877 1774 967 Denique
1818 878 1887 943 in
1927 878 2094 943 bona
2131 877 2256 943 fide
2291 891 2583 944 versatur

472 994 526 1058 is
545 1043 560 1071 ‚
610 992 725 1082 qui
786 990 1218 1059 conditionem
1240 1041 1258 1070 ‚
1316 990 1433 1057 sub
1499 1015 1626 1081 qua
1662 992 2022 1082 acquisivit,
2078 996 2209 1079 jam
2258 991 2582 1084 expletam

475 1109 727 1199 ignorat
775 1105 915 1190 (3).

566 1221 717 1310 259.
761 1221 1132 1312 Requiritur
1162 1232 1374 1287 autem
1405 1219 1576 1286 bona
1619 1219 1773 1286 fides
1822 1219 1931 1286 illo
1960 1232 2212 1286 tantum
2244 1232 2531 1313 tempore
2555 1274 2574 1302 ‚

474 1360 605 1427 quo
659 1336 1028 1426 usucapiens
1075 1358 1209 1399 rem
1256 1333 1566 1425 possidere
1620 1346 1923 1425 coeperat,
1985 1334 2156 1400 unde
2202 1333 2369 1401 mala
2423 1335 2583 1402 fides

477 1451 922 1542 superveniens
942 1453 1001 1514 ei
1035 1472 1166 1514 non
1196 1462 1383 1514 nocet
1427 1451 1452 1531 (
1472 1448 1574 1531 4).
1610 1448 1745 1537 Qui
1774 1471 1892 1540 pro
1921 1462 2205 1539 emptore
2237 1474 2582 1541 usucapere

479 1565 615 1633 vult
640 1617 655 1643 ,
684 1589 832 1629 eum
855 1576 921 1628 et
953 1576 1277 1630 momento
1303 1561 1695 1630 venditionis
1730 1576 2068 1632 contractae
2092 1577 2156 1629 et
2188 1566 2584 1655 possessionis

486 1683 804 1771 acquisitae
851 1683 918 1745 in
947 1680 1119 1746 bona
1166 1678 1290 1746 fide
1323 1678 1510 1745 fuisse
1561 1679 1834 1763 debere,
1874 1685 2006 1769 jam
2049 1681 2455 1748 observatum
2486 1694 2583 1748 est

482 1802 636 1881 (nm.
688 1795 814 1863 250
852 1796 921 1859 in
953 1792 1059 1879 fi).

474 1902 480 1908 ’
568 1909 639 1977 Si
684 1909 824 2001 quis
878 1934 996 2000 per
1031 1919 1512 1999 procuratorem
1559 1907 1655 1974 rei
1702 1911 2147 2000 possessionem
2195 1920 2418 1984 nactus
2486 1920 2582 1975 est

479 2021 648 2089 bona
674 2020 832 2101 fide,
873 2019 1043 2087 illius
1068 2020 1231 2087 mala
1269 2020 1420 2087 fides
1458 2022 1518 2086 ei
1556 2045 1687 2087 non
1717 2034 1901 2088 nocet
1954 2020 2089 2104 (5),
2125 2022 2245 2085 nisi
2299 2045 2398 2085 res
2433 2018 2580 2088 fur-

480 2140 609 2207 tiva
644 2119 724 2203 eo
746 2139 822 2204 sit
851 2135 1051 2219 facta3
1087 2134 1268 2202 aliter
1299 2139 1350 2201 si
1375 2160 1491 2228 per
1517 2160 1769 2203 servum
1798 2135 1898 2204 vel
1935 2133 2407 2201 filiumfamilias
2441 2158 2581 2211 rem

565 2446 2576 2543 (1)L32‚§12Dh‘t19§4D226

486 2555 641 2633 (tit.
679 2556 851 2635 cit..)

563 2658 679 2739 (2)
723 2658 795 2719 L·
858 2654 931 2736 4
988 2658 1066 2736 6
1124 2659 1156 2742 5
1220 2684 1291 2734 1
1336 2663 1418 2724 D
1467 2661 1594 2740 41,
1656 2664 1740 2741 4,
1783 2669 1952 2749 (pro
2002 2663 2400 2746 emtore);l.
2450 2665 2580 2740 32,

485 2760 640 2846 §2
697 2767 776 2824 D·
840 2764 908 2826 h·
970 2778 1017 2829 t·
1041 2766 1165 2847 31.
1209 2767 1287 2849 43
1328 2791 1472 2853 pn,
1523 2772 1601 2831 D
1654 2770 1773 2850 41,
1838 2793 1920 2851 2,
1985 2772 2099 2856 (de
2171 2772 2408 2856 acquir.
2479 2767 2580 2836 vel

483 2874 684 2935 amitt.
731 2876 974 2954 pom).

572 2999 679 3085 (3)
729 3001 795 3061 L.
831 3024 916 3078 2,
972 3002 1002 3085 ς
1049 3026 1128 3083 2,
1177 3008 1258 3067 D.
1304 3007 1418 3086 41,
1468 3006 1549 3086 4,
1593 3008 1728 3089 (tit.
1761 3013 1870 3072 cit.
1900 3010 1953 3088 ).

567 3106 676 3189 (4)
717 3110 786 3168 L.
830 3109 908 3188 43
942 3133 1082 3193 plu,
1117 3109 1160 3172 l.
1207 3112 1323 3192 48,
1376 3116 1461 3199 §1
1502 3164 1519 3194 ,
1576 3118 1654 3177 D.
1709 3116 1777 3179 h.
1829 3128 1925 3195 ις
1970 3116 2014 3178 l.
2062 3139 2169 3179 un.
2218 3118 2293 3180 C.
2347 3139 2416 3202 7,
2455 3119 2579 3192 31,

487 3214 617 3294 (de
653 3238 901 3301 usucap.
944 3221 1297 3283 transform.
1319 3228 1372 3299 ).
1410 3221 1446 3280 J
1454 3243 1521 3283 us
1563 3225 1928 3285 canonicum
1963 3225 2190 3285 bonam
2225 3224 2412 3285 fidem
2451 3234 2582 3285 toto

488 3326 885 3406 usucapionis
920 3336 1192 3410 tempore
1243 3327 1506 3390 durante
1548 3332 1850 3413 requirit3
1910 3353 1964 3392 c.
2020 3352 2133 3409 20,
2177 3332 2236 3407 X
2265 3379 2281 3408 ,
2333 3352 2408 3407 2,
2465 3330 2580 3408 26,

482 3430 600 3509 (de
655 3433 1078 3516 praescript.);
1151 3437 1218 3495 in
1273 3435 1577 3501 lucrativo
1635 3436 1822 3499 titulo
1872 3439 2066 3500 veteri
2127 3441 2258 3521 jure
2323 3457 2583 3499 romano

482 3558 727 3619 quoque
780 3538 844 3598 id
886 3538 1224 3601 obtinuisse
1278 3542 1552 3625 disputat
1605 3543 2086 3620 Unterlzolzner,
2133 3555 2159 3627 9
2205 3544 2285 3605 26
2308 3585 2336 3619 ,
2377 3561 2470 3606 n0.
2519 3545 2579 3607 5.

483 3643 555 3703 In
576 3665 697 3705 uno
724 3646 1025 3730 ejusmodi
1049 3668 1193 3707 casu
1207 3647 1379 3709 malae
1410 3650 1555 3711 fidei
1576 3671 1986 3733 possessorem
2007 3651 2159 3713 adeo
2189 3655 2544 3734 usucepisse
2563 3697 2581 3733 ‚

482 3750 765 3811 videmus
820 3773 890 3811 ex
946 3752 1094 3833 Gajo
1141 3752 1239 3830 11,
1289 3752 1316 3835 ᾖ
1351 3752 1576 3821 52-55.

365 3972 379 3983 ι
489 3988 518 4073 ς
574 3883 662 4052 (56)
704 3886 853 3966 Arg·
881 3884 965 3962 21·
990 3906 1025 3949 2
1060 3931 1077 3969 2
1095 3885 1135 3970 5
1167 3908 1273 3966 12,
1299 3888 1376 3957 D·
1403 3887 1526 3970 41,
1549 3889 1756 3975 4(pro
1780 3887 2582 3976 emtore)·5Unte1·holzner-,

568 4009 603 4050 2
702 4008 795 4054 n0.
853 3994 914 4054 3.
