2893 4778
996 368 1522 421 1⁸·rnonuc'r1o.
1964 351 1967 354 ’
2207 349 2303 423 85

193 506 389 587 prima
451 515 566 561 101
625 491 1085 558 distinctiones
1129 494 1326 559 habet
1350 545 1367 573 ‚
1419 517 1561 585 quae
1606 492 1684 560 de
1725 497 1865 581 jure
1918 494 1987 560 in
2032 497 2314 564 univer—e

194 633 321 675 sum
360 622 427 675 et
476 606 557 673 de
608 617 916 697 potestate
977 605 1389 673 ecclesiastica
1433 618 1710 673 tractant
1743 633 1762 690 3
1820 606 2125 698 quaelibet
2168 607 2357 686 dis-,n

193 725 409 790 tinctio
478 721 552 785 in
629 741 901 785 canones
973 717 1309 786 distributa
1374 727 1482 786 est.
1560 719 1850 787 Secunda
1928 746 2071 812 pars
2139 745 2262 787 cau
2286 766 2304 776 -

190 861 290 902 sas
318 836 407 903 36
454 830 946 925 comprehendit
989 833 1058 897 in
1105 834 1481 924 quaestiones
1524 845 1588 900 et
1624 858 1894 902 canones
1922 834 2173 915 divisas.
2223 836 2319 916 In⁴

188 975 360 1015 causa
410 948 498 1015 33
531 1000 550 1028 ‚
605 949 948 1039 quaestione
995 948 1089 1016 111
1117 999 1134 1027 ‚
1189 947 1416 1040 longus
1461 960 1765 1015 tractatus
1805 1000 1822 1030 ‚
1858 948 1987 1015 VII
2025 949 2319 1032 distincffi

187 1065 462 1130 tionibus
507 1074 799 1150 constans
824 1113 840 1140 ,
885 1060 963 1127 de
1010 1067 1410 1153 poemtentia
1454 1064 1799 1130 invenitur.
1842 1064 2062 1154 Tertia
2107 1064 2323 1142 deni-⁴

187 1203 301 1269 que
353 1177 598 1244 decreti
656 1200 801 1268 pars
835 1226 852 1256 ‚
888 1176 1029 1252 ,sub
1085 1176 1496 1269 inscriptione
1561 1177 1649 1246 de
1718 1183 2220 1246 consecratione
2269 1157 2295 1262 ‚⁸

187 1294 469 1384 quinque
515 1289 953 1360 distinctiones
994 1290 1066 1354 in
1109 1313 1377 1370 canones
1412 1288 1642 1364 divisas
1679 1292 1966 1361 continet
2014 1295 2145 1376 (1).

269 1408 622 1474 Decretum
687 1404 979 1470 Gratiani
1038 1405 1278 1495 ubique
1334 1416 1665 1495 receptum
1728 1404 2032 1497 explicari
2101 1409 2294 1499 coepit

187 1522 484 1588 Bononiae
514 1532 583 1585 et
630 1519 886 1586 Parisiis
916 1570 932 1599 ,
976 1531 1041 1585 et
1082 1519 1238 1607 juris
1282 1518 1680 1592 ecclesiastici
1729 1544 1960 1615 corpus
1981 1523 2051 1590 in
2088 1520 2314 1608 Occi-n

186 1635 356 1703 dente
404 1636 781 1706 habebatur.

263 1752 513 1817 Interea
558 1763 770 1817 autem
812 1749 1225 1824 decretalium
1264 1778 1301 1817 a
1329 1752 1740 1845 pontificibus
1784 1755 2061 1830 romanis
2098 1755 2286 1833 emis-

189 1896 382 1939 sarum
436 1870 785 1938 multitudo
812 1921 830 1950 ‚
888 1885 1074 1940 aucto
1121 1897 1345 1940 eorum
1399 1875 1667 1965 imperio
1701 1925 1720 1956 ‚
1780 1873 2064 1967 quotidie
2108 1899 2283 1941 cres-

186 1985 349 2052 oebat
378 1997 448 2050 et
480 1997 1061 2076 extravagantzum
1082 1984 1505 2077 appellatione
1532 2011 1619 2053 eae
1649 1986 2284 2062 circumferebantur.

187 2096 469 2189 Specialis
523 2123 745 2164 earum
801 2097 1189 2167 collectionis
1215 2074 1546 2169 'faciendae
1604 2103 1933 2178 necessitas
1995 2100 2299 2193 quotidie.

190 2216 377 2297 major
419 2223 582 2277 erat.⁴
633 2211 910 2280 Diversis
949 2213 1339 2303 temporibus
1364 2264 1380 2293 ‚
1419 2215 1500 2282 ab
1537 2223 1706 2282 anno
1758 2241 1779 2284 1
1804 2237 1922 2304 190
1966 2238 2162 2306 usque,
2196 2213 2277 2284 ad

184 2349 410 2395 annum
469 2349 633 2416 1227
671 2376 687 2407 ,
738 2328 1073 2419 separatim
1115 2325 1519 2420 singulorum
1560 2329 1940 2421 pontificum
1983 2327 2285 2417 decretaff

177 2437 253 2504 les
279 2439 784 2532 colligebantur,
814 2439 1016 2510 donec
1051 2440 1393 2532 Gregorius
1413 2443 1512 2508 IX
1553 2448 1681 2526 (m.
1728 2443 1882 2527 1241
1912 2450 1931 2527 )
1971 2448 2274 2521 inunum

178 2578 393 2646 corpus
442 2579 547 2620 eas
594 2578 813 2620 omnes
858 2554 1062 2646 redigi
1099 2608 1115 2636 ‚
1176 2570 1241 2623 et
1295 2558 1546 2623 Parisiis
1592 2571 1657 2625 et
1701 2559 2001 2631 Bononiae
2036 2609 2052 2639 ,
2118 2571 2292 2636 tan-a

177 2693 358 2759 quam
387 2668 646 2761 legem,
691 2669 1015 2760 publicare
1042 2683 1107 2738 et
1149 2672 1555 2765 interpretari
1609 2678 1630 2757 (
1663 2671 1868 2758 1235)
1916 2674 2178 2759 juberet.

153 2834 160 2837 γ
254 2784 436 2874 Opus
497 2781 623 2848 hoc
665 2833 683 2863 ,
752 2782 925 2874 quod
986 2791 1224 2851 nomen
1295 2784 1709 2854 decretalium
1780 2789 2018 2879 accepit
2080 2793 2196 2871 (2)
2245 2842 2264 2871 ,

176 2884 409 2960 constat
453 2894 744 2985 quinque
790 2893 966 2959 libris
991 2945 1009 2974 ,
1055 2897 1126 2960 in
1172 2895 1388 2962 titulos
1434 2909 1500 2962 et
1540 2899 1747 2989 capita
1798 2895 2107 2969 distinctis
2140 2951 2156 2979 ‚
2200 2914 2267 2969 et

176 2989 295 3075 non
348 3007 649 3075 dissimile
694 3020 785 3073 est
835 3006 1062 3074 codici
1112 3012 1639 3078 constitutionum
1684 3015 2081 3098 justinianeo.

248 3124 470 3190 Postea
512 3119 928 3188 decretalibus
966 3122 1262 3218 Gregorii
1294 3138 1543 3191 sextum
1577 3125 1815 3193 librum
1860 3127 2107 3193 addidit
2140 3130 2259 3213 (3)

169 3237 517 3305 Bonisacius
541 3236 702 3306 VIII
736 3250 802 3304 et
842 3238 1059 3305 Romae
1101 3238 1455 3337 publicavit
1500 3247 1521 3328 (
1554 3244 1718 3338 1298
1748 3249 1808 3331 )‚
1856 3243 2146 3314 similiter
2182 3269 2259 3314 ae

170 3352 311 3421 illud
365 3377 525 3448 opus
568 3349 958 3423 ordinatum.

238 3700 337 3780 (i)
380 3700 544 3761 Sunt
593 3698 730 3761 loca
785 3702 1017 3763 inserta
1067 3703 1188 3764 sub
1235 3706 1486 3768 nomine
1546 3709 1786 3787 Palea,
1833 3730 1967 3792 quae
2007 3706 2246 3770 nullam

165 3804 379 3868 habent
419 3807 874 3872 auctoritatem.

237 3939 335 4017 (α)
382 3940 631 3999 Dicitur
676 3939 861 4000 etiam
915 3941 1077 4006 liber
1124 3956 1311 4008 extra
1354 3944 1539 4029 (scil.
1583 3914 1939 4031 decretum)
1986 3967 2008 4027 3
2052 3967 2268 4032 quare·

166 4044 329 4127 signo
367 4047 428 4106 X
465 4046 644 4109 citari
690 4047 867 4109 solet.

235 4177 339 4259 (3)
379 4178 619 4243 nitatur
653 4180 723 4242 in
756 4178 844 4270 §a
