<?xml version="1.0" encoding="UTF-8"?>
<!DOCTYPE html PUBLIC "-//W3C//DTD XHTML 1.0 Transitional//EN"
    "http://www.w3.org/TR/xhtml1/DTD/xhtml1-transitional.dtd">
<html xmlns="http://www.w3.org/1999/xhtml" xml:lang="en" lang="en">
 <head>
  <title>
</title>
<meta http-equiv="Content-Type" content="text/html;charset=utf-8" />
  <meta name='ocr-system' content='tesseract 3.04.00' />
  <meta name='ocr-capabilities' content='ocr_page ocr_carea ocr_par ocr_line ocrx_word'/>
</head>
<body>
  <div class='ocr_page' id='page_1' title='image "./commentariijuri00warngoog/commentariijuri00warngoog_0061.png"; bbox 0 0 2893 4778; ppageno 0'>
   <div class='ocr_carea' id='block_1_1' title="bbox 968 283 2403 369">
    <p class='ocr_par' dir='ltr' id='par_1_1' title="bbox 968 283 2403 369">
     <span class='ocr_line' id='line_1_1' title="bbox 968 283 2403 369; baseline 0.008 -25"><span class='ocrx_word' id='word_1_1' title='bbox 968 299 1494 349; x_wconf 73' lang='lat' dir='ltr'><strong>mraoouc‘rxo.</strong></span> <span class='ocrx_word' id='word_1_2' title='bbox 2197 283 2245 369; x_wconf 73' lang='grc'><strong>,4</strong></span> <span class='ocrx_word' id='word_1_3' title='bbox 2261 312 2286 355; x_wconf 83' lang='lat'>1</span> <span class='ocrx_word' id='word_1_4' title='bbox 2398 323 2403 331; x_wconf 95' lang='lat'>·</span> 
     </span>
    </p>
   </div>
   <div class='ocr_carea' id='block_1_2' title="bbox 171 422 2338 3264">
    <p class='ocr_par' dir='ltr' id='par_1_2' title="bbox 171 422 2338 1316">
     <span class='ocr_line' id='line_1_2' title="bbox 253 422 2298 519; baseline 0.001 -29"><span class='ocrx_word' id='word_1_5' title='bbox 253 425 317 490; x_wconf 84' lang='lat'><strong>3.</strong></span> <span class='ocrx_word' id='word_1_6' title='bbox 363 422 744 514; x_wconf 85' lang='lat' dir='ltr'><strong>Composita</strong></span> <span class='ocrx_word' id='word_1_7' title='bbox 795 431 1015 486; x_wconf 87' lang='lat' dir='ltr'><strong>autem</strong></span> <span class='ocrx_word' id='word_1_8' title='bbox 1059 435 1207 488; x_wconf 90' lang='lat' dir='ltr'><strong>sunt</strong></span> <span class='ocrx_word' id='word_1_9' title='bbox 1244 474 1261 499; x_wconf 82' lang='lat'>‚</span> <span class='ocrx_word' id='word_1_10' title='bbox 1324 437 1397 489; x_wconf 92' lang='lat' dir='ltr'><strong>ut</strong></span> <span class='ocrx_word' id='word_1_11' title='bbox 1454 425 1733 517; x_wconf 76' lang='lat' dir='ltr'><strong>antiquae</strong></span> <span class='ocrx_word' id='word_1_12' title='bbox 1786 427 2298 519; x_wconf 67' lang='lat' dir='ltr'><strong>jurisprudentiae</strong></span> 
     </span>
     <span class='ocr_line' id='line_1_3' title="bbox 173 533 2297 634; baseline 0.003 -29"><span class='ocrx_word' id='word_1_13' title='bbox 173 538 476 634; x_wconf 83' lang='lat' dir='ltr'><strong>praeclara</strong></span> <span class='ocrx_word' id='word_1_14' title='bbox 500 547 922 605; x_wconf 87' lang='lat' dir='ltr'><strong>monumenta</strong></span> <span class='ocrx_word' id='word_1_15' title='bbox 950 533 1129 616; x_wconf 81' lang='lat' dir='ltr'><strong>talia,</strong></span> <span class='ocrx_word' id='word_1_16' title='bbox 1154 535 1368 628; x_wconf 84' lang='lat' dir='ltr'><strong>qualia</strong></span> <span class='ocrx_word' id='word_1_17' title='bbox 1393 538 1432 603; x_wconf 89' lang='lat' dir='ltr'><strong>J</strong></span> <span class='ocrx_word' id='word_1_18' title='bbox 1434 540 1783 606; x_wconf 89' lang='lat' dir='ltr'><strong>ustinianus</strong></span> <span class='ocrx_word' id='word_1_19' title='bbox 1806 541 2033 609; x_wconf 79' lang='lat' dir='ltr'><strong>saeculo</strong></span> <span class='ocrx_word' id='word_1_20' title='bbox 2069 568 2183 610; x_wconf 93' lang='lat' dir='ltr'><strong>suo</strong></span> <span class='ocrx_word' id='word_1_21' title='bbox 2223 571 2297 613; x_wconf 85' lang='lat' dir='ltr'><strong>ea</strong></span> 
     </span>
     <span class='ocr_line' id='line_1_4' title="bbox 174 651 2300 746; baseline 0.001 -25"><span class='ocrx_word' id='word_1_22' title='bbox 174 655 514 722; x_wconf 82' lang='lat' dir='ltr'><strong>convenire</strong></span> <span class='ocrx_word' id='word_1_23' title='bbox 556 652 827 743; x_wconf 87' lang='lat' dir='ltr'><strong>putabat</strong></span> <span class='ocrx_word' id='word_1_24' title='bbox 849 702 866 730; x_wconf 83' lang='lat'>‚</span> <span class='ocrx_word' id='word_1_25' title='bbox 901 664 1425 718; x_wconf 84' lang='lat' dir='ltr'><strong>conservarentur</strong></span> <span class='ocrx_word' id='word_1_26' title='bbox 1448 704 1465 732; x_wconf 84' lang='lat'>‚</span> <span class='ocrx_word' id='word_1_27' title='bbox 1496 664 1571 718; x_wconf 90' lang='lat' dir='ltr'><strong>ut</strong></span> <span class='ocrx_word' id='word_1_28' title='bbox 1616 651 1754 719; x_wconf 91' lang='lat' dir='ltr'><strong>loco</strong></span> <span class='ocrx_word' id='word_1_29' title='bbox 1807 657 2089 746; x_wconf 87' lang='lat' dir='ltr'><strong>ipsorum</strong></span> <span class='ocrx_word' id='word_1_30' title='bbox 2124 672 2300 725; x_wconf 86' lang='lat' dir='ltr'><strong>vete-</strong></span> 
     </span>
     <span class='ocr_line' id='line_1_5' title="bbox 171 767 2298 862; baseline -0.001 -23"><span class='ocrx_word' id='word_1_31' title='bbox 171 798 313 839; x_wconf 87' lang='lat' dir='ltr'><strong>rum</strong></span> <span class='ocrx_word' id='word_1_32' title='bbox 338 772 735 862; x_wconf 89' lang='lat' dir='ltr'><strong>scriptorum</strong></span> <span class='ocrx_word' id='word_1_33' title='bbox 761 791 1033 859; x_wconf 88' lang='lat' dir='ltr'><strong>operum</strong></span> <span class='ocrx_word' id='word_1_34' title='bbox 1075 767 1545 832; x_wconf 89' lang='lat' dir='ltr'><strong>rarissimorum</strong></span> <span class='ocrx_word' id='word_1_35' title='bbox 1578 779 1644 832; x_wconf 92' lang='lat' dir='ltr'><strong>et</strong></span> <span class='ocrx_word' id='word_1_36' title='bbox 1688 791 1725 831; x_wconf 89' lang='lat' dir='ltr'><strong>a</strong></span> <span class='ocrx_word' id='word_1_37' title='bbox 1754 770 1969 859; x_wconf 81' lang='lat' dir='ltr'>paucis</span> <span class='ocrx_word' id='word_1_38' title='bbox 2002 770 2298 838; x_wconf 90' lang='lat' dir='ltr'><strong>intellec-</strong></span> 
     </span>
     <span class='ocr_line' id='line_1_6' title="bbox 176 879 2300 978; baseline 0 -25"><span class='ocrx_word' id='word_1_39' title='bbox 176 901 383 954; x_wconf 84' lang='lat' dir='ltr'><strong>torum</strong></span> <span class='ocrx_word' id='word_1_40' title='bbox 421 887 495 950; x_wconf 89' lang='lat' dir='ltr'><strong>in</strong></span> <span class='ocrx_word' id='word_1_41' title='bbox 522 881 754 950; x_wconf 92' lang='lat' dir='ltr'><strong>scholis</strong></span> <span class='ocrx_word' id='word_1_42' title='bbox 793 882 948 970; x_wconf 87' lang='lat' dir='ltr'><strong>juris</strong></span> <span class='ocrx_word' id='word_1_43' title='bbox 981 881 1296 947; x_wconf 88' lang='lat' dir='ltr'><strong>tironibus</strong></span> <span class='ocrx_word' id='word_1_44' title='bbox 1348 879 1449 950; x_wconf 83' lang='lat' dir='ltr'><strong>vel</strong></span> <span class='ocrx_word' id='word_1_45' title='bbox 1488 879 1994 973; x_wconf 80' lang='lat' dir='ltr'>explicarentur,</span> <span class='ocrx_word' id='word_1_46' title='bbox 2039 884 2142 953; x_wconf 84' lang='lat' dir='ltr'><strong>vel</strong></span> <span class='ocrx_word' id='word_1_47' title='bbox 2184 911 2300 978; x_wconf 84' lang='lat' dir='ltr'><strong>per</strong></span> 
     </span>
     <span class='ocr_line' id='line_1_7' title="bbox 178 994 2299 1091; baseline 0 -22"><span class='ocrx_word' id='word_1_48' title='bbox 178 1003 421 1069; x_wconf 88' lang='lat' dir='ltr'><strong>hosmet</strong></span> <span class='ocrx_word' id='word_1_49' title='bbox 443 1000 613 1091; x_wconf 89' lang='lat' dir='ltr'><strong>ipsos</strong></span> <span class='ocrx_word' id='word_1_50' title='bbox 631 997 1070 1063; x_wconf 81' lang='lat' dir='ltr'><strong>recitarentur.</strong></span> <span class='ocrx_word' id='word_1_51' title='bbox 1088 994 1296 1062; x_wconf 88' lang='lat' dir='ltr'><strong>Sicuti</strong></span> <span class='ocrx_word' id='word_1_52' title='bbox 1329 995 1503 1059; x_wconf 90' lang='lat' dir='ltr'><strong>enim</strong></span> <span class='ocrx_word' id='word_1_53' title='bbox 1522 1009 1705 1061; x_wconf 91' lang='lat' dir='ltr'><strong>antea</strong></span> <span class='ocrx_word' id='word_1_54' title='bbox 1718 996 1982 1089; x_wconf 83' lang='lat' dir='ltr'><strong>Ulpiani</strong></span> <span class='ocrx_word' id='word_1_55' title='bbox 2002 998 2197 1066; x_wconf 83' lang='lat' dir='ltr'><strong>libros</strong></span> <span class='ocrx_word' id='word_1_56' title='bbox 2217 1002 2299 1071; x_wconf 85' lang='lat' dir='ltr'><strong>ad</strong></span> 
     </span>
     <span class='ocr_line' id='line_1_8' title="bbox 182 1106 2338 1205; baseline 0 -25"><span class='ocrx_word' id='word_1_57' title='bbox 182 1114 460 1180; x_wconf 87' lang='lat' dir='ltr'><strong>edictum</strong></span> <span class='ocrx_word' id='word_1_58' title='bbox 483 1164 501 1192; x_wconf 83' lang='lat'>,</span> <span class='ocrx_word' id='word_1_59' title='bbox 528 1111 745 1203; x_wconf 89' lang='lat' dir='ltr'><strong>legum</strong></span> <span class='ocrx_word' id='word_1_60' title='bbox 776 1106 1198 1201; x_wconf 87' lang='lat' dir='ltr'><strong>appellatione</strong></span> <span class='ocrx_word' id='word_1_61' title='bbox 1216 1159 1233 1187; x_wconf 90' lang='lat'><em>‚</em></span> <span class='ocrx_word' id='word_1_62' title='bbox 1261 1111 1331 1175; x_wconf 91' lang='lat' dir='ltr'><strong>in</strong></span> <span class='ocrx_word' id='word_1_63' title='bbox 1362 1108 1593 1174; x_wconf 88' lang='lat' dir='ltr'><strong>scholis</strong></span> <span class='ocrx_word' id='word_1_64' title='bbox 1619 1111 1773 1194; x_wconf 82' lang='lat' dir='ltr'><strong>juris</strong></span> <span class='ocrx_word' id='word_1_65' title='bbox 1798 1112 2301 1205; x_wconf 66' lang='lat' dir='ltr'><strong>interpretaren-</strong></span> <span class='ocrx_word' id='word_1_66' title='bbox 2334 1144 2338 1150; x_wconf 52' lang='lat'><em>¹</em></span> 
     </span>
     <span class='ocr_line' id='line_1_9' title="bbox 185 1221 2297 1316; baseline 0.001 -21"><span class='ocrx_word' id='word_1_67' title='bbox 185 1243 276 1295; x_wconf 86' lang='lat' dir='ltr'><strong>tur</strong></span> <span class='ocrx_word' id='word_1_68' title='bbox 294 1281 313 1308; x_wconf 86' lang='lat'><strong>‚</strong></span> <span class='ocrx_word' id='word_1_69' title='bbox 333 1232 429 1293; x_wconf 89' lang='lat' dir='ltr'><strong>ita</strong></span> <span class='ocrx_word' id='word_1_70' title='bbox 448 1227 579 1292; x_wconf 90' lang='lat' dir='ltr'><strong>hoc</strong></span> <span class='ocrx_word' id='word_1_71' title='bbox 600 1249 761 1316; x_wconf 85' lang='lat' dir='ltr'><strong>opus</strong></span> <span class='ocrx_word' id='word_1_72' title='bbox 772 1221 1089 1314; x_wconf 85' lang='lat' dir='ltr'><strong>explicare</strong></span> <span class='ocrx_word' id='word_1_73' title='bbox 1107 1236 1521 1289; x_wconf 86' lang='lat' dir='ltr'><strong>antecessores</strong></span> <span class='ocrx_word' id='word_1_74' title='bbox 1545 1224 1933 1291; x_wconf 85' lang='lat' dir='ltr'><strong>Justinianus</strong></span> <span class='ocrx_word' id='word_1_75' title='bbox 1956 1226 2159 1295; x_wconf 88' lang='lat' dir='ltr'><strong>voluit</strong></span> <span class='ocrx_word' id='word_1_76' title='bbox 2189 1233 2297 1311; x_wconf 89' lang='lat'><strong>(1).</strong></span> 
     </span>
    </p>

    <p class='ocr_par' dir='ltr' id='par_1_3' title="bbox 189 1332 2304 2342">
     <span class='ocr_line' id='line_1_10' title="bbox 263 1332 2300 1426; baseline 0.001 -19"><span class='ocrx_word' id='word_1_77' title='bbox 263 1342 324 1426; x_wconf 72' lang='grc'><strong>4.</strong></span> <span class='ocrx_word' id='word_1_78' title='bbox 370 1341 567 1406; x_wconf 88' lang='lat' dir='ltr'><strong>Libri</strong></span> <span class='ocrx_word' id='word_1_79' title='bbox 613 1332 776 1423; x_wconf 82' lang='lat' dir='ltr'><strong>(duo</strong></span> <span class='ocrx_word' id='word_1_80' title='bbox 824 1335 1025 1402; x_wconf 90' lang='lat' dir='ltr'><strong>millia</strong></span> <span class='ocrx_word' id='word_1_81' title='bbox 1075 1342 1382 1421; x_wconf 90' lang='lat' dir='ltr'><strong>numero)</strong></span> <span class='ocrx_word' id='word_1_82' title='bbox 1445 1338 1527 1404; x_wconf 89' lang='lat' dir='ltr'><strong>ab</strong></span> <span class='ocrx_word' id='word_1_83' title='bbox 1584 1341 1879 1405; x_wconf 89' lang='lat' dir='ltr'><strong>omnibus</strong></span> <span class='ocrx_word' id='word_1_84' title='bbox 1948 1366 2030 1406; x_wconf 83' lang='lat' dir='ltr'><strong>ex</strong></span> <span class='ocrx_word' id='word_1_85' title='bbox 2082 1341 2300 1410; x_wconf 79' lang='lat' dir='ltr'><strong>liberae</strong></span> 
     </span>
     <span class='ocr_line' id='line_1_11' title="bbox 189 1451 2303 1547; baseline 0.001 -24"><span class='ocrx_word' id='word_1_86' title='bbox 189 1455 331 1523; x_wconf 70' lang='lat' dir='ltr'><strong>adeo</strong></span> <span class='ocrx_word' id='word_1_87' title='bbox 392 1451 769 1547; x_wconf 85' lang='lat' dir='ltr'><strong>reipublicae</strong></span> <span class='ocrx_word' id='word_1_88' title='bbox 808 1454 1194 1543; x_wconf 88' lang='lat' dir='ltr'><strong>temporibus</strong></span> <span class='ocrx_word' id='word_1_89' title='bbox 1240 1451 1699 1539; x_wconf 85' lang='lat' dir='ltr'><strong>jurisconsultis</strong></span> <span class='ocrx_word' id='word_1_90' title='bbox 1753 1455 2073 1546; x_wconf 82' lang='lat' dir='ltr'><strong>praeclaris</strong></span> <span class='ocrx_word' id='word_1_91' title='bbox 2122 1482 2303 1525; x_wconf 87' lang='lat' dir='ltr'><strong>com-</strong></span> 
     </span>
     <span class='ocr_line' id='line_1_12' title="bbox 192 1566 2296 1662; baseline 0.001 -27"><span class='ocrx_word' id='word_1_92' title='bbox 192 1572 363 1662; x_wconf 85' lang='lat' dir='ltr'><strong>positi</strong></span> <span class='ocrx_word' id='word_1_93' title='bbox 393 1570 817 1660; x_wconf 87' lang='lat' dir='ltr'><strong>Digestorum</strong></span> <span class='ocrx_word' id='word_1_94' title='bbox 840 1580 989 1632; x_wconf 83' lang='lat' dir='ltr'><strong>sunt</strong></span> <span class='ocrx_word' id='word_1_95' title='bbox 1017 1566 1238 1633; x_wconf 78' lang='lat' dir='ltr'><strong>fonteS.</strong></span> <span class='ocrx_word' id='word_1_96' title='bbox 1272 1566 1673 1659; x_wconf 85' lang='lat' dir='ltr'><strong>Scriptorum</strong></span> <span class='ocrx_word' id='word_1_97' title='bbox 1699 1584 2146 1660; x_wconf 87' lang='lat' dir='ltr'><strong>excerptorum</strong></span> <span class='ocrx_word' id='word_1_98' title='bbox 2180 1579 2296 1658; x_wconf 86' lang='lat'><strong>(2)</strong></span> 
     </span>
     <span class='ocr_line' id='line_1_13' title="bbox 194 1682 2303 1778; baseline 0.002 -28"><span class='ocrx_word' id='word_1_99' title='bbox 194 1707 451 1750; x_wconf 87' lang='lat' dir='ltr'><strong>numero</strong></span> <span class='ocrx_word' id='word_1_100' title='bbox 494 1682 804 1748; x_wconf 88' lang='lat' dir='ltr'><strong>XXXIX</strong></span> <span class='ocrx_word' id='word_1_101' title='bbox 836 1692 1022 1761; x_wconf 91' lang='lat' dir='ltr'><strong>sunt,</strong></span> <span class='ocrx_word' id='word_1_102' title='bbox 1061 1703 1344 1772; x_wconf 89' lang='lat' dir='ltr'><strong>quorum</strong></span> <span class='ocrx_word' id='word_1_103' title='bbox 1368 1683 1663 1773; x_wconf 89' lang='lat' dir='ltr'><strong>operibus</strong></span> <span class='ocrx_word' id='word_1_104' title='bbox 1704 1685 2303 1778; x_wconf 82' lang='lat' dir='ltr'><strong>ipsisDigestorum</strong></span> 
     </span>
     <span class='ocr_line' id='line_1_14' title="bbox 196 1790 2300 1893; baseline 0.002 -27"><span class='ocrx_word' id='word_1_105' title='bbox 196 1799 548 1866; x_wconf 80' lang='lat' dir='ltr'><strong>conditores</strong></span> <span class='ocrx_word' id='word_1_106' title='bbox 622 1796 991 1890; x_wconf 44' lang='lat' dir='ltr'><strong>utebantur„</strong></span> <span class='ocrx_word' id='word_1_107' title='bbox 1070 1797 1398 1887; x_wconf 81' lang='lat' dir='ltr'><strong>Praecipue</strong></span> <span class='ocrx_word' id='word_1_108' title='bbox 1442 1790 1673 1863; x_wconf 52' lang='lat' dir='ltr'><strong>&#39;autem</strong></span> <span class='ocrx_word' id='word_1_109' title='bbox 1738 1797 2003 1890; x_wconf 86' lang='lat' dir='ltr'><strong>Ulpiani</strong></span> <span class='ocrx_word' id='word_1_110' title='bbox 2068 1804 2300 1893; x_wconf 80' lang='lat' dir='ltr'><strong>scripta</strong></span> 
     </span>
     <span class='ocr_line' id='line_1_15' title="bbox 195 1909 2304 2006; baseline 0.002 -27"><span class='ocrx_word' id='word_1_111' title='bbox 195 1924 478 2004; x_wconf 84' lang='lat' dir='ltr'><strong>excerpta</strong></span> <span class='ocrx_word' id='word_1_112' title='bbox 502 1962 519 1991; x_wconf 88' lang='lat'>‚</span> <span class='ocrx_word' id='word_1_113' title='bbox 551 1923 618 1977; x_wconf 89' lang='lat' dir='ltr'><strong>et</strong></span> <span class='ocrx_word' id='word_1_114' title='bbox 654 1912 1002 2002; x_wconf 67' lang='lat' dir='ltr'><strong>praesertim</strong></span> <span class='ocrx_word' id='word_1_115' title='bbox 1031 1909 1218 1996; x_wconf 87' lang='lat' dir='ltr'><strong>hujus</strong></span> <span class='ocrx_word' id='word_1_116' title='bbox 1259 1934 1417 2001; x_wconf 87' lang='lat' dir='ltr'><strong>opus</strong></span> <span class='ocrx_word' id='word_1_117' title='bbox 1454 1910 1537 1977; x_wconf 86' lang='lat' dir='ltr'><strong>ad</strong></span> <span class='ocrx_word' id='word_1_118' title='bbox 1581 1911 1901 1995; x_wconf 80' lang='lat' dir='ltr'><strong>edictum3</strong></span> <span class='ocrx_word' id='word_1_119' title='bbox 1940 1927 2014 1979; x_wconf 90' lang='lat' dir='ltr'><strong>ut</strong></span> <span class='ocrx_word' id='word_1_120' title='bbox 2040 1916 2304 2006; x_wconf 87' lang='lat' dir='ltr'><strong>Digesta</strong></span> 
     </span>
     <span class='ocr_line' id='line_1_16' title="bbox 197 2025 2304 2120; baseline 0.001 -28"><span class='ocrx_word' id='word_1_121' title='bbox 197 2032 357 2118; x_wconf 84' lang='lat' dir='ltr'><strong>quasi</strong></span> <span class='ocrx_word' id='word_1_122' title='bbox 384 2051 556 2095; x_wconf 85' lang='lat' dir='ltr'><strong>nova</strong></span> <span class='ocrx_word' id='word_1_123' title='bbox 584 2025 863 2090; x_wconf 88' lang='lat' dir='ltr'><strong>recensio</strong></span> <span class='ocrx_word' id='word_1_124' title='bbox 891 2025 1235 2107; x_wconf 87' lang='lat' dir='ltr'><strong>(variorum</strong></span> <span class='ocrx_word' id='word_1_125' title='bbox 1259 2039 1591 2093; x_wconf 86' lang='lat' dir='ltr'><strong>auctorum</strong></span> <span class='ocrx_word' id='word_1_126' title='bbox 1607 2029 1773 2092; x_wconf 89' lang='lat' dir='ltr'><strong>notis</strong></span> <span class='ocrx_word' id='word_1_127' title='bbox 1808 2033 2015 2114; x_wconf 90' lang='lat' dir='ltr'><strong>aucta)</strong></span> <span class='ocrx_word' id='word_1_128' title='bbox 2036 2028 2304 2120; x_wconf 83' lang='lat' dir='ltr'><strong>Ulpiani</strong></span> 
     </span>
     <span class='ocr_line' id='line_1_17' title="bbox 198 2136 2304 2235; baseline 0.001 -30"><span class='ocrx_word' id='word_1_129' title='bbox 198 2139 798 2205; x_wconf 85' lang='lat' dir='ltr'><strong>commentariorum</strong></span> <span class='ocrx_word' id='word_1_130' title='bbox 843 2137 1064 2202; x_wconf 91' lang='lat' dir='ltr'><strong>haberi</strong></span> <span class='ocrx_word' id='word_1_131' title='bbox 1097 2136 1386 2204; x_wconf 86' lang='lat' dir='ltr'><strong>debeant.</strong></span> <span class='ocrx_word' id='word_1_132' title='bbox 1429 2138 1646 2230; x_wconf 84' lang='lat' dir='ltr'><strong>Opera</strong></span> <span class='ocrx_word' id='word_1_133' title='bbox 1674 2141 2056 2235; x_wconf 83' lang='lat' dir='ltr'><strong>scriptorum</strong></span> <span class='ocrx_word' id='word_1_134' title='bbox 2092 2141 2304 2233; x_wconf 88' lang='lat' dir='ltr'><strong>qualia</strong></span> 
     </span>
     <span class='ocr_line' id='line_1_18' title="bbox 200 2249 1576 2342; baseline 0.001 -26"><span class='ocrx_word' id='word_1_135' title='bbox 200 2252 423 2319; x_wconf 78' lang='lat' dir='ltr'><strong>suerint</strong></span> <span class='ocrx_word' id='word_1_136' title='bbox 450 2304 469 2331; x_wconf 87' lang='lat'><strong>‚</strong></span> <span class='ocrx_word' id='word_1_137' title='bbox 512 2274 703 2342; x_wconf 80' lang='lat' dir='ltr'><strong>supra</strong></span> <span class='ocrx_word' id='word_1_138' title='bbox 749 2249 995 2318; x_wconf 76' lang='lat' dir='ltr'><strong>dictum</strong></span> <span class='ocrx_word' id='word_1_139' title='bbox 1030 2263 1121 2315; x_wconf 91' lang='lat' dir='ltr'><strong>est</strong></span> <span class='ocrx_word' id='word_1_140' title='bbox 1159 2254 1186 2336; x_wconf 82' lang='lat'><em>§</em></span> <span class='ocrx_word' id='word_1_141' title='bbox 1220 2250 1380 2331; x_wconf 81' lang='lat' dir='ltr'><strong>XV,</strong></span> <span class='ocrx_word' id='word_1_142' title='bbox 1440 2254 1576 2336; x_wconf 83' lang='lat'><strong>(3).</strong></span> 
     </span>
    </p>

    <p class='ocr_par' dir='ltr' id='par_1_4' title="bbox 203 2363 2308 2805">
     <span class='ocr_line' id='line_1_19' title="bbox 279 2363 2307 2461; baseline 0 -27"><span class='ocrx_word' id='word_1_143' title='bbox 279 2372 333 2434; x_wconf 87' lang='lat'><strong>5.</strong></span> <span class='ocrx_word' id='word_1_144' title='bbox 379 2366 614 2456; x_wconf 86' lang='lat' dir='ltr'><strong>Neque</strong></span> <span class='ocrx_word' id='word_1_145' title='bbox 652 2388 803 2433; x_wconf 88' lang='lat' dir='ltr'><strong>vero</strong></span> <span class='ocrx_word' id='word_1_146' title='bbox 852 2363 1439 2452; x_wconf 84' lang='lat' dir='ltr'><strong>jurisconsultorum</strong></span> <span class='ocrx_word' id='word_1_147' title='bbox 1495 2368 1730 2458; x_wconf 86' lang='lat' dir='ltr'><strong>scripta</strong></span> <span class='ocrx_word' id='word_1_148' title='bbox 1778 2368 2028 2461; x_wconf 84' lang='lat' dir='ltr'><strong>integra</strong></span> <span class='ocrx_word' id='word_1_149' title='bbox 2087 2368 2157 2433; x_wconf 90' lang='lat' dir='ltr'><strong>in</strong></span> <span class='ocrx_word' id='word_1_150' title='bbox 2186 2369 2307 2436; x_wconf 82' lang='lat' dir='ltr'><strong>Di·-</strong></span> 
     </span>
     <span class='ocr_line' id='line_1_20' title="bbox 204 2465 2308 2572; baseline 0.003 -27"><span class='ocrx_word' id='word_1_151' title='bbox 204 2484 376 2572; x_wconf 86' lang='lat' dir='ltr'><strong>gestis</strong></span> <span class='ocrx_word' id='word_1_152' title='bbox 408 2479 610 2547; x_wconf 87' lang='lat' dir='ltr'><strong>relata</strong></span> <span class='ocrx_word' id='word_1_153' title='bbox 639 2492 822 2564; x_wconf 79' lang='lat' dir='ltr'><strong>sunt3</strong></span> <span class='ocrx_word' id='word_1_154' title='bbox 854 2465 968 2546; x_wconf 86' lang='lat' dir='ltr'><strong>sed</strong></span> <span class='ocrx_word' id='word_1_155' title='bbox 993 2481 1080 2548; x_wconf 86' lang='lat' dir='ltr'><strong>ita</strong></span> <span class='ocrx_word' id='word_1_156' title='bbox 1106 2494 1377 2560; x_wconf 82' lang='lat' dir='ltr'><strong>mutata,</strong></span> <span class='ocrx_word' id='word_1_157' title='bbox 1417 2494 1703 2547; x_wconf 89' lang='lat' dir='ltr'><strong>correcta</strong></span> <span class='ocrx_word' id='word_1_158' title='bbox 1735 2482 1835 2550; x_wconf 88' lang='lat' dir='ltr'><strong>vel</strong></span> <span class='ocrx_word' id='word_1_159' title='bbox 1860 2482 2152 2548; x_wconf 89' lang='lat' dir='ltr'><strong>mutilata</strong></span> <span class='ocrx_word' id='word_1_160' title='bbox 2174 2536 2189 2564; x_wconf 88' lang='lat'>‚</span> <span class='ocrx_word' id='word_1_161' title='bbox 2232 2498 2308 2552; x_wconf 88' lang='lat' dir='ltr'><strong>ut</strong></span> 
     </span>
     <span class='ocr_line' id='line_1_21' title="bbox 203 2577 2307 2686; baseline 0.001 -26"><span class='ocrx_word' id='word_1_162' title='bbox 203 2598 315 2680; x_wconf 84' lang='lat' dir='ltr'><strong>juri</strong></span> <span class='ocrx_word' id='word_1_163' title='bbox 333 2622 370 2660; x_wconf 92' lang='lat' dir='ltr'><strong>a</strong></span> <span class='ocrx_word' id='word_1_164' title='bbox 398 2597 439 2661; x_wconf 88' lang='lat' dir='ltr'>J</span> <span class='ocrx_word' id='word_1_165' title='bbox 440 2594 767 2661; x_wconf 89' lang='lat' dir='ltr'><strong>ustiniano</strong></span> <span class='ocrx_word' id='word_1_166' title='bbox 800 2577 1166 2661; x_wconf 83' lang='lat' dir='ltr'><strong>introducto</strong></span> <span class='ocrx_word' id='word_1_167' title='bbox 1192 2608 1657 2686; x_wconf 79' lang='lat' dir='ltr'><strong>congruerent3</strong></span> <span class='ocrx_word' id='word_1_168' title='bbox 1679 2595 1850 2661; x_wconf 88' lang='lat' dir='ltr'><strong>unde</strong></span> <span class='ocrx_word' id='word_1_169' title='bbox 1877 2597 2307 2685; x_wconf 88' lang='lat' dir='ltr'><strong>jurisconsulti</strong></span> 
     </span>
     <span class='ocr_line' id='line_1_22' title="bbox 206 2708 2306 2805; baseline 0.001 -29"><span class='ocrx_word' id='word_1_170' title='bbox 206 2723 426 2776; x_wconf 84' lang='lat' dir='ltr'><strong>veteres</strong></span> <span class='ocrx_word' id='word_1_171' title='bbox 472 2710 698 2801; x_wconf 84' lang='lat' dir='ltr'><strong>saepius</strong></span> <span class='ocrx_word' id='word_1_172' title='bbox 747 2708 936 2801; x_wconf 83' lang='lat' dir='ltr'><strong>plane</strong></span> <span class='ocrx_word' id='word_1_173' title='bbox 992 2709 1116 2778; x_wconf 89' lang='lat' dir='ltr'><strong>alia</strong></span> <span class='ocrx_word' id='word_1_174' title='bbox 1157 2708 1379 2778; x_wconf 86' lang='lat' dir='ltr'><strong>dicunt</strong></span> <span class='ocrx_word' id='word_1_175' title='bbox 1422 2712 1489 2779; x_wconf 89' lang='lat' dir='ltr'><strong>in</strong></span> <span class='ocrx_word' id='word_1_176' title='bbox 1534 2711 1813 2805; x_wconf 89' lang='lat' dir='ltr'><strong>Digestis</strong></span> <span class='ocrx_word' id='word_1_177' title='bbox 1844 2762 1862 2793; x_wconf 91' lang='lat'><strong>,</strong></span> <span class='ocrx_word' id='word_1_178' title='bbox 1921 2737 2117 2803; x_wconf 89' lang='lat' dir='ltr'><strong>quam</strong></span> <span class='ocrx_word' id='word_1_179' title='bbox 2164 2737 2306 2804; x_wconf 82' lang='lat' dir='ltr'><strong>quae</strong></span> 
     </span>
    </p>

    <p class='ocr_par' dir='ltr' id='par_1_5' title="bbox 211 2825 2313 3264">
     <span class='ocr_line' id='line_1_23' title="bbox 211 2825 2309 2915; baseline 0.001 -27"><span class='ocrx_word' id='word_1_180' title='bbox 211 2828 488 2913; x_wconf 86' lang='lat' dir='ltr'><strong>genuinis</strong></span> <span class='ocrx_word' id='word_1_181' title='bbox 539 2848 766 2890; x_wconf 90' lang='lat' dir='ltr'><strong>eorum</strong></span> <span class='ocrx_word' id='word_1_182' title='bbox 833 2825 1081 2915; x_wconf 90' lang='lat' dir='ltr'><strong>scriptis</strong></span> <span class='ocrx_word' id='word_1_183' title='bbox 1147 2826 1660 2891; x_wconf 82' lang='lat' dir='ltr'><strong>continebantur.</strong></span> <span class='ocrx_word' id='word_1_184' title='bbox 1725 2827 2135 2895; x_wconf 86' lang='lat' dir='ltr'><strong>Recentiores</strong></span> <span class='ocrx_word' id='word_1_185' title='bbox 2196 2828 2309 2892; x_wconf 86' lang='lat' dir='ltr'><strong>has</strong></span> 
     </span>
     <span class='ocr_line' id='line_1_24' title="bbox 213 2937 2312 3020; baseline 0.003 -20"><span class='ocrx_word' id='word_1_186' title='bbox 213 2941 578 3006; x_wconf 82' lang='lat' dir='ltr'><strong>mutationes</strong></span> <span class='ocrx_word' id='word_1_187' title='bbox 606 2991 622 3017; x_wconf 90' lang='lat'>,</span> <span class='ocrx_word' id='word_1_188' title='bbox 701 2940 816 3004; x_wconf 89' lang='lat' dir='ltr'><strong>ubi</strong></span> <span class='ocrx_word' id='word_1_189' title='bbox 883 2962 987 3004; x_wconf 91' lang='lat' dir='ltr'><strong>eas</strong></span> <span class='ocrx_word' id='word_1_190' title='bbox 1052 2937 1425 3005; x_wconf 84' lang='lat' dir='ltr'><strong>detexerunt</strong></span> <span class='ocrx_word' id='word_1_191' title='bbox 1464 2992 1480 3020; x_wconf 86' lang='lat'><strong><em>‚</em></strong></span> <span class='ocrx_word' id='word_1_192' title='bbox 1544 2938 1990 3005; x_wconf 77' lang='lat' dir='ltr'><strong>·Emblemata</strong></span> <span class='ocrx_word' id='word_1_193' title='bbox 2041 2941 2312 3007; x_wconf 80' lang='lat' dir='ltr'><strong>&#39;Tribo-</strong></span> 
     </span>
     <span class='ocr_line' id='line_1_25' title="bbox 216 3048 2313 3147; baseline 0.006 -38"><span class='ocrx_word' id='word_1_194' title='bbox 216 3052 392 3114; x_wconf 80' lang='lat' dir='ltr'><strong>niani</strong></span> <span class='ocrx_word' id='word_1_195' title='bbox 423 3048 837 3141; x_wconf 84' lang='lat' dir='ltr'><strong>appellavere.</strong></span> <span class='ocrx_word' id='word_1_196' title='bbox 900 3049 1072 3116; x_wconf 86' lang='lat' dir='ltr'><strong>Raro</strong></span> <span class='ocrx_word' id='word_1_197' title='bbox 1132 3050 1333 3141; x_wconf 87' lang='lat' dir='ltr'><strong>igitur</strong></span> <span class='ocrx_word' id='word_1_198' title='bbox 1387 3050 1752 3117; x_wconf 85' lang='lat' dir='ltr'><strong>historicam</strong></span> <span class='ocrx_word' id='word_1_199' title='bbox 1814 3051 2011 3120; x_wconf 90' lang='lat' dir='ltr'><strong>fidem</strong></span> <span class='ocrx_word' id='word_1_200' title='bbox 2049 3055 2313 3147; x_wconf 83' lang='lat' dir='ltr'><strong>singulis</strong></span> 
     </span>
     <span class='ocr_line' id='line_1_26' title="bbox 219 3161 2312 3264; baseline 0.005 -38"><span class='ocrx_word' id='word_1_201' title='bbox 219 3161 567 3255; x_wconf 73' lang='lat' dir='ltr'><strong>fragmentis</strong></span> <span class='ocrx_word' id='word_1_202' title='bbox 590 3166 1004 3257; x_wconf 84' lang='lat' dir='ltr'><strong>Digestorum</strong></span> <span class='ocrx_word' id='word_1_203' title='bbox 1035 3165 1271 3234; x_wconf 84' lang='lat' dir='ltr'><strong>habere</strong></span> <span class='ocrx_word' id='word_1_204' title='bbox 1298 3190 1629 3261; x_wconf 87' lang='lat' dir='ltr'><strong>possumus</strong></span> <span class='ocrx_word' id='word_1_205' title='bbox 1663 3169 1796 3253; x_wconf 79' lang='grc'>(4).</span> <span class='ocrx_word' id='word_1_206' title='bbox 1833 3169 1898 3238; x_wconf 88' lang='grc' dir='ltr'><strong>Α</strong></span> <span class='ocrx_word' id='word_1_207' title='bbox 1929 3169 2312 3264; x_wconf 86' lang='lat' dir='ltr'><strong>quibusdam</strong></span> 
     </span>
    </p>
   </div>
   <div class='ocr_carea' id='block_1_3' title="bbox 224 3389 2312 4235">
    <p class='ocr_par' dir='ltr' id='par_1_6' title="bbox 291 3389 1976 3476">
     <span class='ocr_line' id='line_1_27' title="bbox 291 3389 1976 3476; baseline 0.002 -27"><span class='ocrx_word' id='word_1_208' title='bbox 291 3389 394 3470; x_wconf 86' lang='lat'><strong>(1)</strong></span> <span class='ocrx_word' id='word_1_209' title='bbox 439 3390 653 3450; x_wconf 90' lang='lat' dir='ltr'><strong>Const.</strong></span> <span class='ocrx_word' id='word_1_210' title='bbox 698 3412 942 3452; x_wconf 85' lang='lat' dir='ltr'><strong>omnem</strong></span> <span class='ocrx_word' id='word_1_211' title='bbox 969 3392 1336 3476; x_wconf 65' lang='lat' dir='ltr'><strong>reipublicae.</strong></span> <span class='ocrx_word' id='word_1_212' title='bbox 1372 3389 1481 3473; x_wconf 58' lang='grc' dir='ltr'><strong>Μ.</strong></span> <span class='ocrx_word' id='word_1_213' title='bbox 1530 3411 1604 3467; x_wconf 85' lang='lat'><strong>2,</strong></span> <span class='ocrx_word' id='word_1_214' title='bbox 1649 3391 1718 3450; x_wconf 78' lang='lat'><strong>3.</strong></span> <span class='ocrx_word' id='word_1_215' title='bbox 1746 3399 1809 3449; x_wconf 88' lang='lat' dir='ltr'><strong>et</strong></span> <span class='ocrx_word' id='word_1_216' title='bbox 1846 3409 1976 3471; x_wconf 79' lang='lat' dir='ltr'><strong>seq.</strong></span> 
     </span>
    </p>

    <p class='ocr_par' dir='ltr' id='par_1_7' title="bbox 224 3492 2311 3801">
     <span class='ocr_line' id='line_1_28' title="bbox 294 3492 2311 3582; baseline -0.002 -24"><span class='ocrx_word' id='word_1_217' title='bbox 294 3500 393 3582; x_wconf 78' lang='lat'><strong>(2)</strong></span> <span class='ocrx_word' id='word_1_218' title='bbox 437 3501 630 3562; x_wconf 85' lang='lat' dir='ltr'><strong>Index</strong></span> <span class='ocrx_word' id='word_1_219' title='bbox 676 3501 1045 3562; x_wconf 88' lang='lat' dir='ltr'><strong>florentinus</strong></span> <span class='ocrx_word' id='word_1_220' title='bbox 1091 3502 1346 3561; x_wconf 87' lang='lat' dir='ltr'><strong>nomina</strong></span> <span class='ocrx_word' id='word_1_221' title='bbox 1400 3501 1778 3581; x_wconf 89' lang='lat' dir='ltr'><strong>scriptorum</strong></span> <span class='ocrx_word' id='word_1_222' title='bbox 1821 3497 2092 3558; x_wconf 87' lang='lat' dir='ltr'><strong>exhibet.</strong></span> <span class='ocrx_word' id='word_1_223' title='bbox 2150 3492 2311 3554; x_wconf 74' lang='lat' dir='ltr'><strong>Vide</strong></span> 
     </span>
     <span class='ocr_line' id='line_1_29' title="bbox 224 3587 2311 3693; baseline 0.001 -29"><span class='ocrx_word' id='word_1_224' title='bbox 224 3606 643 3692; x_wconf 75' lang='lat' dir='ltr'><strong>spangenberg</strong></span> <span class='ocrx_word' id='word_1_225' title='bbox 665 3659 680 3686; x_wconf 92' lang='lat'>,</span> <span class='ocrx_word' id='word_1_226' title='bbox 709 3633 812 3693; x_wconf 88' lang='lat' dir='ltr'><strong>op.</strong></span> <span class='ocrx_word' id='word_1_227' title='bbox 847 3615 952 3671; x_wconf 90' lang='lat' dir='ltr'><strong>cit.</strong></span> <span class='ocrx_word' id='word_1_228' title='bbox 985 3633 1046 3691; x_wconf 91' lang='lat' dir='ltr'><strong>p.</strong></span> <span class='ocrx_word' id='word_1_229' title='bbox 1079 3607 1302 3669; x_wconf 83' lang='lat'><strong>26-33.</strong></span> <span class='ocrx_word' id='word_1_230' title='bbox 1328 3610 1554 3670; x_wconf 80' lang='lat' dir='ltr'><strong>Sabini</strong></span> <span class='ocrx_word' id='word_1_231' title='bbox 1585 3609 1674 3672; x_wconf 88' lang='lat' dir='ltr'><strong>ibi</strong></span> <span class='ocrx_word' id='word_1_232' title='bbox 1714 3587 2155 3691; x_wconf 82' lang='lat' dir='ltr'><strong>relatiscripta</strong></span> <span class='ocrx_word' id='word_1_233' title='bbox 2185 3629 2311 3669; x_wconf 84' lang='lat' dir='ltr'><strong>non</strong></span> 
     </span>
     <span class='ocr_line' id='line_1_30' title="bbox 226 3720 1570 3801; baseline 0.006 -28"><span class='ocrx_word' id='word_1_234' title='bbox 226 3731 486 3801; x_wconf 85' lang='lat' dir='ltr'><strong>excerpta</strong></span> <span class='ocrx_word' id='word_1_235' title='bbox 532 3732 710 3797; x_wconf 89' lang='lat' dir='ltr'><strong>sunt,</strong></span> <span class='ocrx_word' id='word_1_236' title='bbox 756 3721 861 3781; x_wconf 88' lang='lat' dir='ltr'><strong>sed</strong></span> <span class='ocrx_word' id='word_1_237' title='bbox 906 3720 1166 3781; x_wconf 72' lang='lat' dir='ltr'><strong>Claudii</strong></span> <span class='ocrx_word' id='word_1_238' title='bbox 1221 3721 1570 3781; x_wconf 80' lang='lat' dir='ltr'><strong>Saturnini.</strong></span> 
     </span>
    </p>

    <p class='ocr_par' dir='ltr' id='par_1_8' title="bbox 297 3825 1626 3912">
     <span class='ocr_line' id='line_1_31' title="bbox 297 3825 1626 3912; baseline 0.002 -27"><span class='ocrx_word' id='word_1_239' title='bbox 297 3825 401 3906; x_wconf 84' lang='lat'><strong>(3)</strong></span> <span class='ocrx_word' id='word_1_240' title='bbox 448 3826 528 3888; x_wconf 92' lang='lat' dir='ltr'><strong>V.</strong></span> <span class='ocrx_word' id='word_1_241' title='bbox 581 3829 1049 3909; x_wconf 83' lang='lat' dir='ltr'><strong>Spangenberg‚</strong></span> <span class='ocrx_word' id='word_1_242' title='bbox 1091 3828 1138 3889; x_wconf 94' lang='lat' dir='ltr'><strong>l.</strong></span> <span class='ocrx_word' id='word_1_243' title='bbox 1180 3852 1237 3912; x_wconf 75' lang='lat' dir='ltr'><strong>c.</strong></span> <span class='ocrx_word' id='word_1_244' title='bbox 1283 3851 1346 3910; x_wconf 91' lang='lat' dir='ltr'><strong>p.</strong></span> <span class='ocrx_word' id='word_1_245' title='bbox 1406 3825 1626 3905; x_wconf 71' lang='grc'><strong>34-40.</strong></span> 
     </span>
    </p>

    <p class='ocr_par' dir='ltr' id='par_1_9' title="bbox 227 3930 2312 4235">
     <span class='ocr_line' id='line_1_32' title="bbox 296 3930 2311 4017; baseline 0.001 -26"><span class='ocrx_word' id='word_1_246' title='bbox 296 3930 394 4013; x_wconf 77' lang='grc'><strong>(4)</strong></span> <span class='ocrx_word' id='word_1_247' title='bbox 440 3932 705 4015; x_wconf 79' lang='lat' dir='ltr'><strong>Scripsit</strong></span> <span class='ocrx_word' id='word_1_248' title='bbox 757 3934 920 3995; x_wconf 85' lang='lat' dir='ltr'><strong>circa</strong></span> <span class='ocrx_word' id='word_1_249' title='bbox 992 3934 1124 3996; x_wconf 82' lang='lat' dir='ltr'><strong>haec</strong></span> <span class='ocrx_word' id='word_1_250' title='bbox 1174 3958 1331 4017; x_wconf 90' lang='lat' dir='ltr'><strong>opus</strong></span> <span class='ocrx_word' id='word_1_251' title='bbox 1379 3930 1900 3994; x_wconf 79' lang='lat' dir='ltr'><strong>VVissenbachius</strong></span> <span class='ocrx_word' id='word_1_252' title='bbox 1950 3931 2311 3999; x_wconf 78' lang='lat' dir='ltr'><strong>emblemata</strong></span> 
     </span>
     <span class='ocr_line' id='line_1_33' title="bbox 227 4029 2312 4124; baseline 0.001 -30"><span class='ocrx_word' id='word_1_253' title='bbox 227 4029 852 4122; x_wconf 41' lang='lat' dir='ltr'><strong>Triboniani&#39;jquem</strong></span> <span class='ocrx_word' id='word_1_254' title='bbox 892 4042 1164 4103; x_wconf 84' lang='lat' dir='ltr'><strong>refutare</strong></span> <span class='ocrx_word' id='word_1_255' title='bbox 1188 4041 1393 4106; x_wconf 81' lang='lat' dir='ltr'><strong>voluit</strong></span> <span class='ocrx_word' id='word_1_256' title='bbox 1431 4040 1669 4124; x_wconf 82' lang='lat' dir='ltr'><strong>WybO.</strong></span> <span class='ocrx_word' id='word_1_257' title='bbox 1710 4039 1854 4105; x_wconf 76' lang='lat' dir='ltr'><strong>Vid.</strong></span> <span class='ocrx_word' id='word_1_258' title='bbox 1890 4039 2110 4123; x_wconf 73' lang='lat' dir='ltr'><strong>Engo,</strong></span> <span class='ocrx_word' id='word_1_259' title='bbox 2162 4041 2312 4104; x_wconf 72' lang='lat' dir='ltr'><strong>En..</strong></span> 
     </span>
     <span class='ocr_line' id='line_1_34' title="bbox 227 4144 1124 4235; baseline 0.01 -34"><span class='ocrx_word' id='word_1_260' title='bbox 227 4144 557 4233; x_wconf 65' lang='lat' dir='ltr'><strong>cyclope&#39;die</strong></span> <span class='ocrx_word' id='word_1_261' title='bbox 580 4195 599 4225; x_wconf 87' lang='lat'><em>‚</em></span> <span class='ocrx_word' id='word_1_262' title='bbox 643 4147 742 4209; x_wconf 84' lang='lat' dir='ltr'><strong>ed.</strong></span> <span class='ocrx_word' id='word_1_263' title='bbox 781 4144 818 4208; x_wconf 83' lang='lat'>5</span> <span class='ocrx_word' id='word_1_264' title='bbox 830 4187 857 4223; x_wconf 67' lang='lat'><em>2</em></span> <span class='ocrx_word' id='word_1_265' title='bbox 905 4147 932 4231; x_wconf 82' lang='lat'><em>§</em></span> <span class='ocrx_word' id='word_1_266' title='bbox 993 4145 1124 4235; x_wconf 65' lang='lat'><strong>147.</strong></span> 
     </span>
    </p>
   </div>
  </div>
 </body>
</html>
