2893 4778
368 320 369 323 ¹
440 360 491 404 x
1205 348 1809 403 P·R.AEFATIO.

440 446 906 552 decrescente
943 478 1018 550 in
1046 474 1254 577 pejus
1286 477 1453 548 ruit.
1490 475 1682 548 Cum
1704 478 1951 577 itaque
1983 503 2150 551 raro
2200 477 2563 552 librorum

438 598 976 674 didacticorum
1038 596 1181 671 alio
1216 596 1482 684 saeculo
1523 600 2020 698 scriptorum„
2088 599 2229 673 alio
2286 601 2555 676 saeculo

436 749 603 796 usus
641 747 791 796 esse
837 722 1105 823 possit3
1145 745 1277 794 cur
1303 721 1455 793 sola
1486 719 1661 819 juris
1701 725 1989 795 romani
2024 722 2381 807 institutio
2429 751 2561 796 an-

435 848 659 945 gustis
703 844 845 919 illis
891 843 1158 918 finibus
1212 860 1746 933 coarctaretur,
1800 845 2065 948 quihus
2096 873 2258 949 eam
2309 848 2555 925 multis
2595 926 2598 929 ,

434 972 517 1045 in
571 966 843 1043 scholis
909 966 1148 1041 adhuc
1215 966 1853 1067 circumscriptam
1916 971 2278 1044 cernimus
2323 970 2358 1042 ’Β

530 1215 927 1316 Postquam
988 1211 1323 1316 plurimae
1372 1211 1696 1313 Europae
1756 1229 2007 1311 gentes
2067 1213 2305 1288 alacre
2358 1213 2554 1295 Juris

422 1340 749 1414 Romani
800 1333 1689 1436 studium'neglcxerant,
1738 1322 2329 1435 diligentissimos
2373 1335 2554 1409 illud

431 1464 702 1537 invenit
757 1464 831 1532 in
862 1457 1269 1533 Germania
1301 1457 1663 1546 cultores,
1721 1458 2033 1560 quinon
2090 1458 2328 1531 solum
2357 1498 2360 1499 ⁷
2386 1461 2582 1531 uni--

430 1610 649 1661 versae
683 1581 895 1679 hujus
932 1579 1332 1682 disciplinae
1368 1581 1728 1653 rationem
1766 1582 1840 1651 iu
1883 1595 2119 1653 totum
2152 1596 2548 1668 mutarent,
2625 1564 2628 1565 ⁷

428 1705 559 1782 sed
617 1721 689 1779 et
750 1702 1048 1806 singulis
1112 1703 1559 1803 argumentis
1627 1703 1943 1776 iteratim
2014 1686 2549 1805 religiosissime

430 1831 851 1904 examinatis
875 1884 895 1917 ,
955 1825 1312 1931 plurimos
1372 1851 1511 1928 per
1563 1825 1826 1913 saecula
1873 1815 2217 1929 receptos
2265 1854 2550 1902 errores

425 1946 907 2050 profligarent
939 2001 960 2035 ‚
1022 1961 1096 2020 et
1144 1944 1426 2020 felicius
1490 1974 1713 2047 quam
1777 1974 1818 2022 a
1884 1975 2264 2051 quoquam
2340 1964 2550 2023 antea

429 2070 703 2144 factum
762 2083 1007 2157 esset,
1077 2095 1339 2142 verum
1407 2068 1561 2168 ejus
1642 2071 2019 2172 ingenium
2086 2071 2547 2145 illustrarent.

425 2197 919 2303 Philosophiae
966 2214 1037 2273 et
1070 2198 1410 2274 Historiae
1461 2200 1739 2274 lumine
1784 2201 1859 2273 in
1907 2199 2096 2274 hanc
2137 2199 2546 2275 doctrinam

307 2394 313 2400 .
425 2322 626 2399 illato
652 2378 671 2412 ‚
716 2321 878 2397 illos
903 2320 1271 2427 classicam
1311 2322 1485 2423 juris
1526 2324 1903 2400 scientiam
1936 2324 2363 2401 instaurasse
2399 2348 2548 2395 non
2641 2384 2642 2387 ,

427 2447 660 2548 fugiet
715 2431 885 2535 eos,
949 2446 1079 2547 qui
1132 2448 1412 2546 optima
1468 2472 1730 2523 eorum
1781 2448 2054 2552 scripta
2121 2445 2546 2551 pervolvere

427 2597 578 2646 non
620 2571 895 2645 fuerint
937 2567 1337 2682 dedignati.

480 2830 485 2835 ’
521 2808 694 2887 Hoc
746 2814 993 2916 itaque
1043 2814 1190 2889 mei
1234 2811 1465 2889 officii
1508 2838 1659 2889 esse
1693 2816 1994 2916 putavi,
2046 2831 2171 2905 ut,
2209 2819 2284 2890 in
2323 2843 2543 2918 quan-

410 2914 586 3012 ⁶tum
635 2935 910 3012 viribus
953 2963 1113 3011 rem
1176 2952 1325 3011 tam
1386 2936 1700 3028 arduam
1765 2941 2111 3041 persequi
2180 2938 2562 3036 valerem,⁴

428 3061 698 3134 exteris
793 3061 998 3161 quasi
1113 3079 1514 3135 summam·
1564 3085 1916 3137 novarum
2030 3059 2535 3144 doctrinarum

432 3191 836 3289 (quatenus
885 3211 1005 3259 eas
1071 3186 1227 3287 ipse
1262 3179 1347 3257 vet
1399 3185 1570 3259 novi
1618 3199 1691 3257 et
1755 3183 2076 3287 probare
2142 3208 2260 3256 me
2323 3206 2538 3284 posse

426 3305 822 3414 putabam)
873 3309 949 3380 in
983 3305 1129 3381 hoc
1161 3305 1360 3381 libro
1396 3304 1850 3382 exhiberem.
1889 3307 2371 3405 Quaecunque
2418 3304 2540 3377 su-

425 3449 606 3507 turae
654 3433 796 3506 sint
852 3430 947 3504 de
1026 3429 1165 3504 illis
1229 3427 1543 3503 aliorum
1621 3430 1990 3503 sententiae
2021 3483 2041 3516 ,
2122 3453 2213 3502 eo
2284 3419 2570 3501 saltem'

428 3555 522 3629 de
576 3553 930 3628 doctrinae
969 3566 1234 3625 nostrae
1265 3549 1514 3625 amicis
1580 3565 1652 3625 et
1710 3543 2116 3624 fautoribus
2177 3574 2294 3623 me
2342 3547 2545 3653 bene·

426 3679 767 3751 meritum
792 3700 942 3750 esse
976 3672 1314 3760 confido,
1359 3670 1565 3773 quod
1604 3669 1698 3746 ad
1731 3670 2274 3746 Germanorum
2319 3670 2539 3770 juris-

427 3798 927 3876 consultorum
988 3798 1260 3898 scripta
1285 3850 1307 3884 ,
1344 3822 1384 3868 a
1425 3795 1872 3895 paucissimis
1920 3796 2187 3869 exteris
2226 3808 2537 3897 propter

426 3924 791 3998 minorem
867 3918 1137 4020 linguae
1200 3918 1636 4018 germanicae
1729 3918 2230 4019 cognitionem
2315 3912 2533 3989 intel-

424 4047 648 4134 lecta,
703 4041 982 4118 aditum
1030 4040 1310 4145 aperui.
