2893 4778
572 275 716 350 560
1480 290 1739 362 mnu.

568 424 596 506 §
641 424 755 484 111.
858 420 1089 483 Rerum
1122 416 1543 503 corporalium
1569 432 1634 483 et
1660 422 2144 505 incorpoihlium
2170 425 2514 492 distinctio.
2558 434 2682 513 214

568 530 599 612 §
644 528 756 592 lV.
858 529 951 588 De
995 527 1178 588 rebus
1215 525 1331 588 soli
1384 537 1449 588 et
1493 528 1832 590 mobilibus
1836 572 2504 600 .................
2560 540 2681 602 215

564 637 598 720 §
642 635 724 699 V.
857 635 952 694 De
994 634 1177 696 rebus
1232 634 1650 715 fungibilibus
1690 646 1754 697 et
1811 657 1939 697 non
1989 638 2464 721 fungibilibus..
2488 689 2507 706 .
2560 646 2683 708 216

568 743 598 825 ς
642 742 761 802 VI.
860 742 954 801 De
995 739 1179 801 rebus
1231 740 1647 822 singularibus
1677 756 1739 804 et
1764 766 1970 806 rerum
2000 749 2517 851 universitatibus
2561 776 2681 839 2¹7

566 849 599 931 ς
645 848 955 909 v11.De
995 848 1181 908 rebus
1225 839 1501 909 dividuis
1553 860 1619 910 et
1657 850 1998 915 individuis
2003 899 2508 922 .............
2563 882 2682 926 220

569 955 601 1037 ᾗ
643 954 809 1016 VIII.
861 954 957 1014 De
1001 953 1182 1014 rebus
1220 953 1674 1038 principalibus
1708 969 1771 1019 et
1804 962 2158 1022 accessoriis
2173 1008 2476 1027 ........
2514 968 2677 1030 ibid.

563 1064 639 1124 B.
679 1063 774 1124 De
818 1060 1058 1142 juribus
1114 1081 1449 1145 eorumque
1509 1062 1855 1127 differentia
1890 1112 1908 1144 ‚
1970 1071 2381 1152 acquisitione
2452 1086 2516 1134 et

728 1169 1061 1229 amissione
1067 1209 2509 1243 ....................................
2559 1180 2679 1243 225

563 1274 597 1357 §
640 1276 705 1342 1.,
786 1333 787 1336 ,
837 1275 932 1336 De
970 1275 1037 1336 vi
1063 1284 1248 1357 atque
1288 1286 1513 1337 natura
1551 1277 1753 1340 omnis
1787 1279 1940 1361 juris
1946 1327 2487 1349 ..............
2517 1287 2674 1353 ibid.

565 1382 596 1463 ᾗ
637 1383 727 1445 II.
834 1382 929 1441 De
968 1382 1378 1463 acquisitione
1429 1383 1582 1465 juris
1592 1429 2503 1456 .......................
2557 1416 2674 1479 227

563 1490 595 1573 §
638 1489 744 1550 111.
836 1488 1166 1567 Quomodo
1207 1492 1343 1572 jura
1396 1489 1711 1553 tolluntur
1748 1495 1845 1556 vel
1902 1498 2281 1559 amittuntur
2287 1543 2501 1563 ......
2557 1501 2679 1565 228

564 1596 596 1679 §
640 1596 754 1658 IV.
840 1597 936 1656 De
975 1599 1163 1659 variis
1213 1597 1437 1678 jurium
1488 1597 1990 1663 distinctionibus
1996 1647 2294 1668 ........
2293 1607 2303 1613 “
2320 1653 2501 1672 .....
2557 1628 2591 1667 2
2597 1611 2675 1672 30

566 1703 597 1787 ᾖ
639 1701 719 1764 V.
830 1703 926 1762 De
964 1699 1339 1784 privilegiis.
1377 1747 2504 1777 ............................
2558 1717 2675 1777 233

566 1809 598 1894 §
638 1808 752 1872 V1.
843 1806 1092 1869 Summa
1151 1805 1432 1869 omnium
1479 1811 1710 1892 jurium
1782 1811 1851 1889 in
1901 1836 2124 1898 genera
2160 1828 2224 1878 et
2277 1822 2515 1902 speeies

930 1913 1275 1977 distinctio.
1295 1960 1312 1977 .
1337 1961 1353 1977 .
1378 1961 1393 1978 .
1418 1962 1436 1978 .
1461 1949 1476 1977 .
1501 1962 2505 1992 .........................
2560 1927 2677 1991 235

939 2091 1150 2161 'Cum‘
1189 2093 1305 2161 lv.
1365 2094 1470 2162 De
1489 2101 1703 2182 factis
1743 2119 1807 2168 et
1823 2107 1992 2187 juris
2027 2110 2310 2191 negotiis.

569 2245 651 2306 A.
697 2245 792 2305 De
819 2243 1001 2305 factis
1032 2245 1325 2310 universe
1370 2243 1439 2307 in
1489 2248 1622 2330 jure
1674 2253 2077 2317 consideratis
2083 2300 2426 2322 .........
2429 2239 2466 2323 ξ’.
2491 2305 2509 2327 .
2563 2266 2681 2346 239

567 2352 639 2412 Β.
686 2352 779 2413 De
821 2354 1280 2437 possessione..
1302 2397 1317 2413 .
1341 2398 1358 2415 .
1383 2397 1399 2415 .
1424 2397 1439 2415 .
1465 2401 1481 2420 .
1506 2401 1522 2418 .
1548 2401 1564 2421 .
1589 2398 1604 2417 .
1629 2403 2510 2431 ......................
2561 2369 2673 2448 241

567 2456 598 2540 ᾗ
644 2460 694 2521 L
878 2458 1062 2518 Notio
1096 2466 1159 2518 et
1195 2468 1415 2520 natura
1442 2442 1882 2543 possessionis
1847 2511 2097 2534 .......
2112 2462 2139 2533 ⁵.
2164 2517 2179 2533 .
2203 2519 2220 2534 .
2244 2512 2262 2537 .
2287 2519 2508 2538 ......
2523 2476 2677 2538 ibid.

566 2563 599 2648 ᾖ
643 2564 723 2625 II.
860 2562 1065 2626 Variae
1111 2566 1518 2646 possessionis
1582 2570 1921 2635 divisiones
1927 2620 2511 2648 ...............
2561 2581 2684 2661 244

569 2670 601 2752 §
642 2672 759 2734 ΙΙΙ.
861 2670 956 2731 De
992 2669 1217 2732 effectu
1260 2675 1667 2755 possessionis
1673 2721 2509 2750 .....................
2561 2688 2678 2772 247

567 2774 601 2859 §
643 2771 798 2836 IV.
861 2775 958 2837 {De
988 2773 1090 2838 his
1115 2777 1225 2861 qui
1244 2780 1607 2862 possidere,
1628 2794 1692 2847 et
1721 2785 1802 2849 de
1825 2787 2014 2852 rebus
2038 2813 2171 2874 quae
2204 2794 2515 2875 possideri

935 2895 1218 2965 possunt.
1257 2929 2507 2965 ...............................
2564 2901 2682 2982 248

564 2986 602 3069 ᾗ
646 2986 730 3049 V.
776 3014 783 3020 ·
862 2989 956 3048 De
995 2992 1372 3073 acquirenda
1416 2999 1812 3077 possessione
1848 3003 1916 3062 in
1965 3005 2324 3068 universum
2332 3051 2508 3072 .....
2562 3010 2681 3072 250

565 3094 602 3178 9’
645 3084 752 3155 VI.
868 3095 963 3156 De
1002 3098 1313 3179 corporali
1348 3103 1436 3162 rei
1478 3103 1975 3187 apprehensione
1980 3157 2483 3177 .............
2521 3115 2682 3176 ibid.

571 3200 602 3282 §
645 3200 791 3263 VII.
860 3202 954 3262 De
993 3204 1360 3284 possidentis
1405 3211 1617 3273 animo
1680 3234 1810 3274 rem
1847 3215 1968 3276 sibi
2005 3216 2288 3281 habendi
2294 3265 2509 3285 ......
2563 3221 2687 3300 254

572 3305 603 3389 §
645 3307 826 3370 VIII.
864 3309 1109 3388 Quibus
1130 3312 1329 3375 modis
1349 3336 1462 3401 pei
1473 3314 1625 3382 alios
1645 3325 1950 3404 possessio
1976 3324 2157 3386 nobis
2176 3329 2524 3410 acquiritur
2563 3328 2687 3390 256

572 3410 604 3494 §
649 3414 763 3474 IX.
860 3417 956 3477 De
996 3419 1339 3481 amittenda
1382 3426 1768 3529 possessione
1813 3431 1879 3489 in
1923 3434 2283 3494 univeisum
2290 3478 2508 3498 ......
2563 3435 2687 3518 259

572 3518 603 3605 §
644 3521 725 3582 X.
863 3520 1399 3598 Quemadmodum
1434 3533 1644 3594 animo
1684 3538 2127 3616 possessionem
2148 3542 2516 3602 amittimus.
2564 3541 2687 3602 260
2789 3537 2793 3540 ⁴

573 3625 605 3708 ᾗ
647 3628 763 3687 XI.
870 3627 1406 3706 Quemadmodum
1457 3659 1715 3733 corpore
1758 3643 2067 3705 amittitur
2108 3649 2441 3727 possessiO.
2457 3693 2482 3710 .
2525 3647 2695 3712 ibid.

572 3733 604 3816 §
645 3734 792 3796 XII.
863 3736 958 3799 De
996 3739 1339 3805 amittenda
1375 3744 1797 3825 possessione,
1835 3769 2023 3830 quam
2065 3772 2178 3835 pei·
2224 3752 2380 3815 alios
2428 3763 2523 3814 te-

948 3864 1167 3910 nemus
1180 3893 2060 3925 ......................
2081 3898 2102 3925 ·.
2124 3905 2141 3924 .
2165 3905 2202 3923 .,
2206 3905 2513 3926 ........
2568 3858 2691 3921 262

580 3944 609 4030 ς
650 3947 822 4010 xm.
867 3951 1011 4013 De
994 3955 1145 4035 juris
1189 3957 1368 4041 quasi
1406 3961 1850 4043 possessione..
1874 4010 1891 4031 .
1914 4012 1942 4052 .,
1956 4011 2513 4035 ..............
2566 3966 2692 4045 264

578 4054 648 4116 G.
689 4046 783 4121 De
834 4058 989 4141 juris
1031 4065 1298 4157 negotiis
1306 4108 1523 4135 ......
1523 4144 1528 4149 ,
1545 4115 2026 4156 ...........
2040 4120 2304 4146 .......
2318 4116 2325 4124 ·
2326 4122 2513 4146 ......
2567 4075 2689 4140 265
