2893 4778
910 337 1142 448 mssa.
1176 340 1227 392 1.
1280 345 1375 384 ⁴⁴-
1428 339 1585 395 cst.
1638 340 1738 400 ιν.
2027 343 2033 352 ·
2144 331 2146 336 ’
2208 323 2379 428 ³275

276 487 415 556 quae
447 485 602 531 vero
658 464 938 557 generali
1001 465 1248 532 norma
1272 469 1732 562 comprehendi
1769 489 1908 540 non
1924 486 2230 565 possunt3
2273 476 2383 544 sed

274 578 649 672 singillatim
687 581 1121 671 oportunitate
1156 580 1302 648 data
1340 585 1745 652 nominandae
1785 601 1933 658 sunt
1977 595 2113 674 (1).

373 695 523 779 142.
573 695 883 762 Accidere
920 720 1174 787 quoque
1222 697 1424 789 potest
1452 749 1469 779 ,
1526 715 1599 768 ut
1643 704 1972 794 negotium
2009 705 2185 797 quod
2221 710 2384 775 sub·-

278 813 486 876 sistere
506 834 641 876 non
666 824 891 901 potest,
921 810 1042 878 tale
1078 813 1264 904 quale
1302 817 1794 885 contrahebatur
1818 872 1834 901 ,
1858 821 2204 890 nilominus
2230 852 2387 894 con·-

251 931 509 997 servari
554 927 823 1010 debeat3
861 930 1167 1020 quoniam
1205 932 1271 995 in
1308 929 1465 997 alius
1507 932 1752 1030 negotii
1793 939 2066 1028 speciem
2101 940 2328 1009 incidit
2359 989 2376 1022 ,

276 1041 447 1133 quod
480 1044 861 1109 recentiores
909 1047 1385 1111 conversionem
1426 1050 1669 1138 negotii
1707 1041 2043 1142 appellant
2071 1059 2180 1139 (2).
2240 1056 2384 1123 Hoc

277 1170 533 1223 eatenus
573 1170 822 1222 tantum
868 1155 1160 1224 obtinere
1197 1172 1404 1250 potest
1426 1211 1441 1239 ‚
1479 1174 1788 1251 quatenus
1838 1164 2093 1235 alterius
2124 1169 2384 1264 negotii

275 1271 670 1337 conditiones
697 1272 765 1336 in
802 1272 1071 1363 negotio
1111 1286 1435 1340 contracto
1468 1275 1890 1345 inveniuntur
1921 1324 1938 1362 ‚
1987 1286 2380 1354 contrahena

282 1389 568 1480 tiumque
601 1385 917 1455 voluntati
957 1412 1199 1459 novum
1228 1392 1565 1484 negotium
1605 1398 1970 1479 conveniri,
2007 1414 2177 1468 certe
2209 1427 2383 1494 prae-

279 1510 437 1576 sumi
479 1509 674 1599 possit
720 1507 853 1594 (3).
1327 1519 1330 1520 ⁷

381 1620 526 1705 143.
569 1622 783 1689 Potest
829 1619 1106 1713 denique
1160 1626 1315 1710 juris
1366 1626 1698 1717 negotium
1722 1679 1740 1709 ,
1803 1631 1990 1697 initio
2036 1631 2191 1698 utile
2243 1631 2386 1703 effi·-

261 1756 560 1828 .caxque,
594 1748 809 1827 postea
837 1734 1110 1803 rescindi
1135 1751 1246 1805 aut
1278 1738 1610 1807 infirmari.
1647 1743 1952 1812 Rescissio
1987 1746 2233 1813 obtinet
2266 1748 2387 1835 (4),

283 1850 537 1943 quando
554 1900 573 1929 ,
610 1849 804 1916 altera
843 1852 1363 1920 contrahentium
1388 1869 1570 1946 parte
1624 1872 1892 1950 rogante
1914 1912 1931 1941 ‚
1973 1867 2303 1955 negotium
2347 1894 2384 1933 a

283 1968 657 2057 magistratu
706 1966 1067 2034 dissolvitur
1117 1969 1202 2034 ob
1245 1969 1564 2040 laesionem
1608 1972 1921 2065 aliquam,
2004 2003 2202 2069 quam
2253 1995 2400 2048 tuer

283 2077 582 2172 iniquum
634 2094 805 2146 esset.
869 2073 1167 2147 Plurimae
1224 2088 1600 2153 rescissionis
1659 2112 1856 2155 causae
1905 2111 1994 2158 eae
2048 2106 2198 2159 sunt
2227 2135 2253 2176 ‚
2299 2095 2384 2163 oh

262 2213 433 2285 'quas
471 2194 542 2259 in
571 2194 898 2284 integrum
930 2196 1245 2262 restitutio
1284 2202 1418 2288 peti
1451 2210 1657 2291 potest
1687 2228 1704 2283 3
1748 2200 1826 2267 de
1861 2205 2094 2294 quibus
2126 2208 2387 2280 inferius

282 2301 642 2400 diligentius
688 2306 1108 2398 dispiciemus.
1156 2310 1477 2377 Infirmari
1519 2335 1669 2381 vero
1717 2314 1956 2383 dicitur
2000 2323 2331 2413 negotium
2357 2378 2375 2409 ‚

283 2422 457 2513 quod
509 2424 644 2514 ipso
690 2418 831 2511 ju‘re
880 2429 1013 2492 vim
1074 2450 1253 2492 suam
1306 2429 1560 2517 amittit.
1609 2429 1749 2496 Hoc
1790 2431 2020 2500 accidit
2065 2441 2338 2507 maxime
2367 2490 2385 2523 ,

286 2540 333 2604 si
362 2538 430 2603 in
457 2534 640 2602 illum
674 2561 888 2604 casum
913 2537 1139 2606 incidit
1178 2565 1215 2605 a
1250 2534 1380 2634 quo
1420 2543 1702 2635 incipere
1735 2568 1870 2615 non
1893 2550 2196 2640 potuisset
2226 2553 2338 2642 (5)
2365 2584 2385 2642 3

285 2744 2363 2792 -———-———————-—-—------.--....-

369 2905 506 2985 (1)
553 2899 692 2966 Von
738 2898 1062 2986 Wenz‘ng‚
1108 2899 1138 2988 §
1190 2900 1339 2988 146,
1383 2908 1451 2971 in
1498 2906 1548 2973 f.

319 3034 330 3050 ³
370 3013 508 3091 (α)
551 3005 902 3089 Hofacker‚
950 3012 979 3093 §
1025 3033 1161 3074 221.

372 3117 505 3197 (3)
547 3117 615 3178 L.
663 3116 700 3178 5
743 3135 839 3199 pr.
868 3166 885 3195 ,
923 3113 1002 3179 D.
1055 3119 1127 3180 18
1158 3166 1175 3192 ,
1219 3119 1256 3183 5
1282 3168 1300 3198 ,
1344 3123 1472 3201 (de
1502 3122 1768 3188 rescind.
1799 3127 2025 3208 vend.)
2052 3149 2072 3213 3
2102 3128 2147 3195 l.
2200 3154 2271 3219 19
2295 3155 2394 3219 pr.

296 3214 370 3281 D.
399 3214 482 3298 46
512 3268 527 3294 ‚
560 3215 640 3298 4,
681 3228 720 3300 ’(
736 3219 813 3284 de
871 3222 1275 3310 acceptilat.)
1319 3246 1337 3288 2
1385 3225 1718 3314 aliquando
1755 3235 2051 3301 voluntas
2115 3262 2391 3323 personae

293 3320 720 3388 contrahentis
742 3327 806 3388 in
832 3318 969 3410 ipso
994 3334 1243 3412 negotio
1265 3339 1602 3416 expressim
1628 3339 1938 3405 declarata
1966 3346 2047 3406 sit
2064 3390 2083 3421 ‚
2112 3359 2411 3430 oportet3-

293 3429 338 3491 l.
379 3454 432 3508 1,
465 3434 544 3493 D.
578 3426 679 3516 29,
712 3449 771 3517 7,
804 3434 911 3512 (de
940 3439 1075 3520 jure
1095 3435 1428 3524 codi'cill.)3
1459 3441 1506 3504 l.
1539 3442 1604 3523 8,
1635 3445 1665 3528 §
1703 3468 1725 3506 1
1749 3494 1767 3524 ‚
1800 3448 1868 3510 C.
1904 3449 1978 3528 6,
2010 3452 2116 3529 36,
2149 3454 2393 3533 (ibid.).

374 3535 506 3621 (4)
552 3540 843 3601 Rescindi
884 3553 1091 3604 tamen
1122 3543 1462 3628 aliquando
1503 3562 1564 3611 et
1597 3554 1663 3612 in
1698 3552 1839 3616 aliis
1872 3561 2068 3620 causis
2097 3559 2396 3627 dicuntur

297 3644 543 3726 negotia
581 3644 777 3707 veluti
805 3649 857 3707 si
880 3650 1017 3730 ipso
1039 3652 1176 3733 jure
1209 3653 1562 3719 solvuntur.
1607 3658 1695 3722 V.
1741 3657 2016 3726 Brisson.
2051 3714 2068 3743 ‚
2091 3665 2168 3728 de
2205 3666 2397 3731 Verb.

294 3752 448 3833 sign.
492 3751 568 3812 V.
611 3755 1001 3817 Rescindere.

374 3860 492 3939 (5)
533 3854 628 3920 De
682 3859 801 3922 hac
843 3862 1199 3928 obscuriore
1239 3870 1396 3949 juris
1458 3873 1670 3954 regula
1717 3854 1861 3937 vide
1905 3873 1960 3936 J.
2022 3880 2396 3946 Gothofredi
2456 3868 2459 3871 ¹

296 3985 449 4025 com.
518 3967 616 4026 ad.
691 3968 759 4028 L.
817 3968 896 4033 85
927 4014 944 4046 ,
1008 3973 1111 4055 §1
1174 3978 1252 4036 D.
1301 3978 1377 4039 50
1406 4027 1422 4054 ,
1483 4003 1550 4063 ¹7
1584 4029 1600 4057 ‚
1660 3981 1776 4060 (de
1824 3986 1900 4046 R.
1971 3989 2086 4070 J.)
2144 4000 2399 4074 (opusc.

295 4073 517 4134 minor.
545 4121 562 4151 ‚
593 4094 653 4156 p.
680 4073 801 4157 470
831 4079 857 4157 )
883 4099 906 4157 3
932 4077 1227 4142 Averanii
1248 4076 1579 4166 interpret.
1619 4088 1727 4150 lib.
1782 4090 1906 4172 IV,
1943 4089 2154 4173 24-26.

1970 4202 2094 4276 18.
