2893 4778
937 329 1151 396 mmm
1198 328 1281 378 11.
1337 345 1428 362 ·-
1482 330 1636 378 cn».
1686 332 1742 378 1.
2252 308 2393 408 595

384 502 440 542 c.
486 472 555 543 Si
594 488 861 567 propter
897 477 1176 548 nominis
1205 502 1486 543 errorem
1523 477 1717 557 alius,
1755 502 1952 574 quam
1990 479 2093 545 cui
2114 478 2394 574 legatum

281 603 428 657 -erat
442 637 467 670 ‚
510 615 628 684 pro
665 581 873 681 legato
918 591 1296 681 possederat:

383 704 451 769 d.
499 703 569 770 Si
608 716 867 771 testator
892 706 1250 771 testamenti
1282 704 1627 772 factionem
1656 730 1790 771 non
1814 704 2054 771 habens
2073 705 2397 799 legaverit.

384 819 445 883 Is
520 842 669 884 cum
734 839 862 908 quo
938 820 1293 885 testamenti
1373 819 1566 885 factio
1633 844 1764 885 non
1835 831 1926 886 est
1998 844 2114 911 pro
2186 820 2397 913 legato

296 955 638 1024 usucapere
672 934 933 1024 nequit,
974 956 1108 999 non
1142 935 1353 999 minus
1385 958 1580 1026 quam
1624 932 1728 999 ille
1751 985 1769 1018 ,
1820 934 1927 999 cui
1957 932 2235 1025 legatum
2264 961 2397 1002 non

293 1057 387 1118 est
434 1047 455 1126 (
487 1066 507 1107 1
536 1048 586 1127 ).

390 1155 549 1222 255.
596 1155 851 1245 Quibus
894 1157 970 1223 in
1020 1159 1216 1224 causis
1257 1157 1481 1225 titulus
1523 1183 1643 1251 pro
1687 1155 1918 1224 herede
1961 1163 2081 1244 (2)
2119 1159 2289 1225 utilis
2321 1163 2402 1227 sit

300 1269 381 1360 ad
414 1274 901 1362 usucapionem,
964 1270 1145 1340 valde
1196 1270 1469 1337 dubium
1517 1284 1608 1337 est
1661 1283 1850 1363 atque
1898 1284 2398 1340 controversum.

301 1385 487 1451 Varii
516 1375 692 1452 enim
729 1398 881 1452 sunt
926 1409 1099 1452 casus
1119 1438 1137 1468 ‚
1177 1388 1247 1452 in
1289 1387 1521 1479 quibus
1569 1385 1796 1477 aliquis
1823 1411 1943 1478 pro
1986 1386 2215 1453 herede
2253 1412 2405 1480 pos-

298 1497 504 1565 sidere
556 1498 791 1566 dicitur
808 1544 836 1578 ,
882 1497 1076 1565 veluti
1108 1527 1125 1563 z

395 1636 460 1677 a.
524 1612 596 1678 Si
650 1613 790 1704 quis
851 1637 1016 1678 rem‘
1047 1612 1345 1678 defuncto
1391 1611 1665 1680 civiliter
1716 1637 2053 1705 possessam
2092 1612 2407 1706 possidere

303 1728 551 1823 pergit,
608 1749 738 1818 quo
790 1728 860 1792 in
909 1750 1055 1792 casu
1101 1750 1183 1791 ex
1230 1725 1514 1793 defuncti
1567 1726 1752 1793 titulo
1813 1728 1993 1795 heres
2043 1731 2368 1821 usucapiet
2391 1781 2408 1810 ‚

253 1902 257 1905 ⁴
303 1861 512 1932 neque
564 1865 715 1908 vero
748 1865 866 1931 pro
906 1839 1137 1905 herede
1180 1839 1315 1925 (3).

396 1955 464 2020 h.
516 1957 585 2022 Si
626 1955 806 2020 heres
850 1979 986 2020 rem
1040 1956 1109 2019 in
1152 1953 1505 2019 hereditate
1558 1956 1835 2034 invenit,
1879 1981 2073 2043 quam
2123 1954 2411 2023 defuncti

310 2072 574 2162 putabat
604 2097 621 2151 3
653 2070 818 2135 hanc
842 2094 991 2136 vero
1018 2092 1356 2160 usucapere
1387 2093 1521 2135 non
1538 2081 1742 2161 potest
1775 2094 1979 2161 neque
2004 2095 2084 2136 ex
2125 2069 2412 2137 defuncti

308 2209 429 2250 nec
448 2209 528 2249 ex
556 2208 667 2249 sua
688 2209 954 2276 persona
975 2237 991 2265 ,
1023 2208 1171 2249 cum
1200 2181 1376 2249 nulla
1415 2183 1578 2249 adsit
1612 2165 2044 2275 acquisitionis
2080 2209 2262 2276 causa
2298 2185 2408 2270 (4).

311 2300 438 2364 Pro
463 2322 575 2365 suo
608 2311 821 2365 tamen
861 2302 1163 2393 usucapio
1202 2296 1523 2391 procedit,
1555 2297 1812 2393 quando
1851 2298 2198 2392 probabilis
2234 2324 2413 2382 error

313 2413 487 2481 adest
527 2414 664 2502 (5).

396 2686 504 2765 (1)
546 2685 617 2745 L.
679 2706 744 2761 1,
789 2704 861 2761 2,
910 2706 942 2766 7
969 2730 987 2760 ‚
1026 2683 1106 2744 D.
1168 2680 1237 2745 h.
1283 2692 1377 2761 t.3
1432 2678 1688 2764 excepto
1736 2682 1970 2745 scilicet
2013 2704 2197 2759 casu,
2241 2705 2303 2743 n.
2350 2705 2408 2745 c.

302 2782 307 2788 ’
396 2791 503 2873 (2)
550 2793 687 2871 Gaj.
739 2792 832 2866 11,
894 2788 924 2871 5
967 2786 1207 2864 52-58‚
1256 2808 1328 2847 ex
1371 2809 1497 2881 q'uo
1541 2785 1673 2848 solo
1722 2799 1989 2849 veterem
2033 2811 2147 2870 pro
2189 2789 2419 2852 herede

311 2899 756 2979 usucapionem
797 2897 1243 2977 cognovimus3
1287 2895 1370 2954 D.
1419 2892 1536 2972 41,
1584 2893 1659 2970 5,
1704 2895 1812 2970 C.,
1846 2918 1921 2978 7,
1966 2916 2086 2978 293
2119 2898 2414 2974 Pothier,

313 3023 406 3066 n0.
450 3006 571 3080 62,
602 3002 723 3082 645
762 3002 1231 3078 Uncerlzolzner,
1239 2998 1433 3083 ,,528
1460 3023 1525 3062 ιι.
1551 3003 1615 3062 3.
1646 2999 1824 3083 548,
1854 3019 1945 3063 n0.
1974 3023 2057 3078 2,·
2086 3003 2414 3080 B1·,anchu

314 3115 624 3176 observat.
660 3133 713 3171 c.
755 3132 879 3189 203
912 3130 1036 3171 zon
1064 3108 1529 3192 Savigny,das
1565 3110 1639 3168 R.
1667 3108 1731 3168 d.
1781 3110 2055 3170 Beszezes
2072 3133 2183 3192 ,Ρ
2218 3108 2328 3191 49-
2303 3052 2414 3170 -5i

315 3232 379 3283 et
422 3220 820 3297 Zeitsclzrg'ft,
879 3229 1030 3279 tom.
1078 3216 1138 3276 V
1181 3222 1392 3297 (anno
1445 3214 1672 3296 1824),
1726 3237 1790 3297 Ρ.
1865 3213 1962 3292 14-
1976 3237 2068 3296 19.
2450 3246 2457 3251 ,

400 3329 505 3408 (3)
550 3329 620 3389 L.
662 3328 735 3402 3,
769 3324 899 3407 54,
931 3326 1010 3384 D.
1045 3321 1160 3402 41,
1193 3344 1275 3398 2,
1309 3322 1493 3403 (de
1474 3343 1607 3404 aeq.
1639 3342 1658 3399 3
1704 3320 1807 3386 v'el
1851 3324 2053 3383 amitt.
2102 3323 2417 3404 posseS.)3

316 3436 507 3517 512,
547 3437 599 3495 1.
640 3455 712 3510 2,
746 3432 827 3508 6,
871 3431 979 3514 (h.
1030 3433 1154 3507 t.).

402 3541 510 3622 (4)
567 3540 854 3623 Plerique
899 3551 1137 3603 veteres
1183 3536 1324 3598 JCti
1372 3536 1632 3618 usucapi
1679 3557 1856 3619 posse
1904 3534 2022 3595 hac
2067 3538 2133 3598 in
2178 3536 2417 3617 specie,

313 3650 657 3734 putabant3
701 3647 744 3710 l.
778 3649 814 3707 3
842 3695 858 3722 ,
919 3649 999 3709 D.
1048 3646 1160 3725 h.3
1201 3665 1414 3706 eorum
1455 3646 1670 3724 opinio
1712 3643 2103 3725 improbatur
2161 3644 2225 3702 in
2260 3642 2301 3702 l.
2338 3641 2418 3718 4,

312 3761 419 3834 C.,
466 3757 532 3821 h.
566 3769 640 3834 t.,
683 3757 728 3818 l.
778 3754 852 3833 4,
892 3756 961 3818 C.
996 3778 1028 3841 7
1052 3796 1078 3831 ,
1131 3756 1243 3832 33,
1282 3751 1394 3833 (de
1426 3754 1739 3834 praescrip.
1797 3749 1963 3831 longi
1996 3761 2185 3832 temp.
2218 3753 2239 3825 )
2267 3769 2286 3827 3
2316 3748 2420 3810 hic

310 3871 582 3953 pertinet
627 3870 814 3929 etiam
855 3867 901 3928 l.
945 3888 965 3926 1
998 3911 1014 3941 ,
1077 3866 1145 3927 C.
1197 3864 1265 3926 h.
1293 3876 1392 3943 t.3
1440 3866 1493 3924 si
1541 3863 1793 3943 quidem
1818 3861 1969 3941 juris
2016 3860 2242 3924 veteris
2283 3876 2424 3921 ves-

319 3978 544 4063 tigium
589 3975 806 4037 haberi
863 3997 986 4035 non
1026 3974 1231 4035 debet.

397 4084 507 4168 (5)
555 4082 706 4167 Arg.
752 4081 797 4143 l.
847 4080 923 4161 5,
969 4080 997 4167 §
1056 4104 1124 4163 1,
1172 4082 1251 4142 D.
1296 4078 1420 4159 41,
1475 4100 1585 4153 10,
1623 4076 1779 4163 (pro
1817 4074 1983 4156 suo).
