<?xml version="1.0" encoding="UTF-8"?>
<!DOCTYPE html PUBLIC "-//W3C//DTD XHTML 1.0 Transitional//EN"
    "http://www.w3.org/TR/xhtml1/DTD/xhtml1-transitional.dtd">
<html xmlns="http://www.w3.org/1999/xhtml" xml:lang="en" lang="en">
 <head>
  <title>
</title>
<meta http-equiv="Content-Type" content="text/html;charset=utf-8" />
  <meta name='ocr-system' content='tesseract 3.04.00' />
  <meta name='ocr-capabilities' content='ocr_page ocr_carea ocr_par ocr_line ocrx_word'/>
</head>
<body>
  <div class='ocr_page' id='page_1' title='image "./commentariijuri00warngoog/commentariijuri00warngoog_0015.png"; bbox 0 0 2893 4778; ppageno 0'>
   <div class='ocr_carea' id='block_1_1' title="bbox 239 285 2464 2762">
    <p class='ocr_par' dir='ltr' id='par_1_1' title="bbox 973 285 2384 407">
     <span class='ocr_line' id='line_1_1' title="bbox 973 285 2384 407; baseline 0.002 -30"><span class='ocrx_word' id='word_1_1' title='bbox 973 289 1594 379; x_wconf 75' lang='lat' dir='ltr'><em>PRAEFATIo.</em></span> <span class='ocrx_word' id='word_1_2' title='bbox 1987 285 1992 289; x_wconf 16' lang='grc' dir='ltr'><strong>Δ</strong></span> <span class='ocrx_word' id='word_1_3' title='bbox 2191 343 2200 349; x_wconf 84' lang='grc'><em>·</em></span> <span class='ocrx_word' id='word_1_4' title='bbox 2273 302 2384 407; x_wconf 67' lang='grc' dir='ltr'><strong>’κῇ</strong></span> 
     </span>
    </p>

    <p class='ocr_par' dir='ltr' id='par_1_2' title="bbox 239 445 2464 2762">
     <span class='ocr_line' id='line_1_2' title="bbox 334 445 2389 551; baseline 0 -23"><span class='ocrx_word' id='word_1_5' title='bbox 334 453 552 528; x_wconf 84' lang='lat' dir='ltr'><strong>Hanc</strong></span> <span class='ocrx_word' id='word_1_6' title='bbox 612 448 719 525; x_wconf 82' lang='lat' dir='ltr'><strong>ob</strong></span> <span class='ocrx_word' id='word_1_7' title='bbox 792 445 1086 526; x_wconf 84' lang='lat' dir='ltr'><strong>causam</strong></span> <span class='ocrx_word' id='word_1_8' title='bbox 1140 448 1234 524; x_wconf 82' lang='lat' dir='ltr'><strong>ad</strong></span> <span class='ocrx_word' id='word_1_9' title='bbox 1271 466 1380 524; x_wconf 89' lang='lat' dir='ltr'><strong>tot</strong></span> <span class='ocrx_word' id='word_1_10' title='bbox 1430 451 1979 525; x_wconf 84' lang='lat' dir='ltr'><strong>Germanorum</strong></span> <span class='ocrx_word' id='word_1_11' title='bbox 2027 452 2389 551; x_wconf 84' lang='lat' dir='ltr'><strong>juriscon-</strong></span> 
     </span>
     <span class='ocr_line' id='line_1_3' title="bbox 247 556 2389 674; baseline -0.001 -22"><span class='ocrx_word' id='word_1_12' title='bbox 247 576 613 654; x_wconf 53' lang='lat' dir='ltr'><strong>sultorum*</strong></span> <span class='ocrx_word' id='word_1_13' title='bbox 648 574 923 674; x_wconf 87' lang='lat' dir='ltr'><strong>scripta</strong></span> <span class='ocrx_word' id='word_1_14' title='bbox 975 573 1075 644; x_wconf 61' lang='lat' dir='ltr'><strong>in*</strong></span> <span class='ocrx_word' id='word_1_15' title='bbox 1104 556 1419 673; x_wconf 19' lang='lat' dir='ltr'><strong>singulis*</strong></span> <span class='ocrx_word' id='word_1_16' title='bbox 1455 571 1723 663; x_wconf 75' lang='lat' dir='ltr'><strong>horum</strong></span> <span class='ocrx_word' id='word_1_17' title='bbox 1794 572 2389 649; x_wconf 62' lang='lat' dir='ltr'><strong>Commentario-4</strong></span> 
     </span>
     <span class='ocr_line' id='line_1_4' title="bbox 242 698 2387 802; baseline 0 -27"><span class='ocrx_word' id='word_1_18' title='bbox 242 727 404 775; x_wconf 88' lang='lat' dir='ltr'><strong>rum</strong></span> <span class='ocrx_word' id='word_1_19' title='bbox 440 700 737 802; x_wconf 80' lang='lat' dir='ltr'>paginis</span> <span class='ocrx_word' id='word_1_20' title='bbox 771 726 823 797; x_wconf 93' lang='lat' dir='ltr'><strong>p</strong></span> <span class='ocrx_word' id='word_1_21' title='bbox 854 698 1200 771; x_wconf 86' lang='lat' dir='ltr'><strong>rovocavi</strong></span> <span class='ocrx_word' id='word_1_22' title='bbox 1231 753 1251 786; x_wconf 89' lang='lat'><em>‚</em></span> <span class='ocrx_word' id='word_1_23' title='bbox 1288 700 1467 799; x_wconf 88' lang='lat' dir='ltr'><strong>quin</strong></span> <span class='ocrx_word' id='word_1_24' title='bbox 1509 713 1748 772; x_wconf 85' lang='lat' dir='ltr'><strong>tamen</strong></span> <span class='ocrx_word' id='word_1_25' title='bbox 1787 699 1982 801; x_wconf 85' lang='lat' dir='ltr'><strong>apud</strong></span> <span class='ocrx_word' id='word_1_26' title='bbox 2020 726 2145 779; x_wconf 78' lang='lat' dir='ltr'><strong>eos</strong></span> <span class='ocrx_word' id='word_1_27' title='bbox 2192 701 2387 776; x_wconf 85' lang='lat' dir='ltr'><strong>solos</strong></span> 
     </span>
     <span class='ocr_line' id='line_1_5' title="bbox 250 819 2388 921; baseline 0 -25"><span class='ocrx_word' id='word_1_28' title='bbox 250 846 495 918; x_wconf 65' lang='lat' dir='ltr'><strong>veram</strong></span> <span class='ocrx_word' id='word_1_29' title='bbox 547 820 919 893; x_wconf 82' lang='lat' dir='ltr'><strong>rationem</strong></span> <span class='ocrx_word' id='word_1_30' title='bbox 972 819 1283 893; x_wconf 84' lang='lat' dir='ltr'><strong>inveniri</strong></span> <span class='ocrx_word' id='word_1_31' title='bbox 1327 845 1543 920; x_wconf 91' lang='lat' dir='ltr'><strong>posse</strong></span> <span class='ocrx_word' id='word_1_32' title='bbox 1585 836 1953 921; x_wconf 87' lang='lat' dir='ltr'><strong>putarem.</strong></span> <span class='ocrx_word' id='word_1_33' title='bbox 2004 823 2197 898; x_wconf 84' lang='lat' dir='ltr'><strong>Nam</strong></span> <span class='ocrx_word' id='word_1_34' title='bbox 2247 848 2388 896; x_wconf 89' lang='lat' dir='ltr'><strong>nec</strong></span> 
     </span>
     <span class='ocr_line' id='line_1_6' title="bbox 248 944 2388 1048; baseline 0.001 -27"><span class='ocrx_word' id='word_1_35' title='bbox 248 947 478 1021; x_wconf 92' lang='lat' dir='ltr'><strong>ullum</strong></span> <span class='ocrx_word' id='word_1_36' title='bbox 529 944 740 1047; x_wconf 85' lang='lat' dir='ltr'><strong>quod</strong></span> <span class='ocrx_word' id='word_1_37' title='bbox 803 944 1145 1019; x_wconf 83' lang='lat' dir='ltr'><strong>noveram</strong></span> <span class='ocrx_word' id='word_1_38' title='bbox 1193 973 1379 1048; x_wconf 89' lang='lat' dir='ltr'><strong>opus</strong></span> <span class='ocrx_word' id='word_1_39' title='bbox 1438 947 1587 1045; x_wconf 81' lang='lat' dir='ltr'><strong>sive</strong></span> <span class='ocrx_word' id='word_1_40' title='bbox 1645 951 1721 1021; x_wconf 89' lang='lat' dir='ltr'><strong>in</strong></span> <span class='ocrx_word' id='word_1_41' title='bbox 1774 946 2037 1048; x_wconf 83' lang='lat' dir='ltr'>Belgio</span> <span class='ocrx_word' id='word_1_42' title='bbox 2106 951 2251 1023; x_wconf 91' lang='lat' dir='ltr'><strong>sive</strong></span> <span class='ocrx_word' id='word_1_43' title='bbox 2304 950 2388 1023; x_wconf 86' lang='lat' dir='ltr'><strong>in</strong></span> 
     </span>
     <span class='ocr_line' id='line_1_7' title="bbox 248 1065 2390 1170; baseline 0 -28"><span class='ocrx_word' id='word_1_44' title='bbox 248 1067 532 1155; x_wconf 87' lang='lat' dir='ltr'><strong>Gallia,</strong></span> <span class='ocrx_word' id='word_1_45' title='bbox 595 1065 690 1147; x_wconf 85' lang='lat' dir='ltr'><strong>de</strong></span> <span class='ocrx_word' id='word_1_46' title='bbox 730 1065 977 1167; x_wconf 86' lang='lat' dir='ltr'><strong>aliquo</strong></span> <span class='ocrx_word' id='word_1_47' title='bbox 1034 1083 1507 1168; x_wconf 78' lang='lat' dir='ltr'><strong>argumente,</strong></span> <span class='ocrx_word' id='word_1_48' title='bbox 1562 1069 1638 1142; x_wconf 88' lang='lat' dir='ltr'><strong>iu</strong></span> <span class='ocrx_word' id='word_1_49' title='bbox 1681 1066 1822 1142; x_wconf 84' lang='lat' dir='ltr'><strong>hac</strong></span> <span class='ocrx_word' id='word_1_50' title='bbox 1861 1083 2081 1170; x_wconf 78' lang='lat' dir='ltr'><strong>parte</strong></span> <span class='ocrx_word' id='word_1_51' title='bbox 2130 1090 2390 1170; x_wconf 62' lang='lat' dir='ltr'><strong>recens</strong></span> 
     </span>
     <span class='ocr_line' id='line_1_8' title="bbox 239 1179 2390 1292; baseline 0 -28"><span class='ocrx_word' id='word_1_52' title='bbox 239 1188 525 1264; x_wconf 88' lang='lat' dir='ltr'><strong>editum</strong></span> <span class='ocrx_word' id='word_1_53' title='bbox 549 1243 572 1276; x_wconf 90' lang='lat'><em>‚</em></span> <span class='ocrx_word' id='word_1_54' title='bbox 616 1189 997 1263; x_wconf 88' lang='lat' dir='ltr'><strong>consulere</strong></span> <span class='ocrx_word' id='word_1_55' title='bbox 1033 1205 1107 1263; x_wconf 91' lang='lat' dir='ltr'><strong>et</strong></span> <span class='ocrx_word' id='word_1_56' title='bbox 1152 1187 1478 1264; x_wconf 88' lang='lat' dir='ltr'><strong>indicare</strong></span> <span class='ocrx_word' id='word_1_57' title='bbox 1500 1190 1833 1291; x_wconf 83' lang='lat' dir='ltr'><strong>neglexi,</strong></span> <span class='ocrx_word' id='word_1_58' title='bbox 1865 1215 2004 1268; x_wconf 86' lang='lat' dir='ltr'><strong>nec</strong></span> <span class='ocrx_word' id='word_1_59' title='bbox 2034 1179 2107 1263; x_wconf 87' lang='lat' dir='ltr'><strong>in</strong></span> <span class='ocrx_word' id='word_1_60' title='bbox 2143 1206 2390 1292; x_wconf 85' lang='lat' dir='ltr'><strong>poste-</strong></span> 
     </span>
     <span class='ocr_line' id='line_1_9' title="bbox 242 1309 2442 1412; baseline 0.001 -26"><span class='ocrx_word' id='word_1_61' title='bbox 242 1340 403 1386; x_wconf 88' lang='lat' dir='ltr'><strong>rum</strong></span> <span class='ocrx_word' id='word_1_62' title='bbox 472 1309 870 1412; x_wconf 83' lang='lat' dir='ltr'><strong>negligam.</strong></span> <span class='ocrx_word' id='word_1_63' title='bbox 925 1309 1318 1401; x_wconf 87' lang='lat' dir='ltr'><strong>Ceterum,</strong></span> <span class='ocrx_word' id='word_1_64' title='bbox 1376 1337 1529 1385; x_wconf 88' lang='lat' dir='ltr'><strong>nou</strong></span> <span class='ocrx_word' id='word_1_65' title='bbox 1576 1314 1711 1386; x_wconf 90' lang='lat' dir='ltr'><strong>nisi</strong></span> <span class='ocrx_word' id='word_1_66' title='bbox 1745 1339 1871 1386; x_wconf 90' lang='lat' dir='ltr'><strong>eos</strong></span> <span class='ocrx_word' id='word_1_67' title='bbox 1924 1337 2019 1385; x_wconf 84' lang='lat' dir='ltr'><strong>ex</strong></span> <span class='ocrx_word' id='word_1_68' title='bbox 2054 1311 2373 1389; x_wconf 84' lang='lat' dir='ltr'><strong>Germa-</strong></span> <span class='ocrx_word' id='word_1_69' title='bbox 2430 1338 2442 1358; x_wconf 77' lang='lat'><strong>¹</strong></span> 
     </span>
     <span class='ocr_line' id='line_1_10' title="bbox 251 1432 2385 1537; baseline 0 -28"><span class='ocrx_word' id='word_1_70' title='bbox 251 1461 522 1509; x_wconf 90' lang='lat' dir='ltr'><strong>norum</strong></span> <span class='ocrx_word' id='word_1_71' title='bbox 553 1490 577 1523; x_wconf 93' lang='lat'><em>,</em></span> <span class='ocrx_word' id='word_1_72' title='bbox 631 1432 725 1506; x_wconf 89' lang='lat' dir='ltr'><strong>de</strong></span> <span class='ocrx_word' id='word_1_73' title='bbox 782 1433 1077 1535; x_wconf 90' lang='lat' dir='ltr'><strong>singulis</strong></span> <span class='ocrx_word' id='word_1_74' title='bbox 1129 1433 1311 1533; x_wconf 82' lang='lat' dir='ltr'><strong>juris</strong></span> <span class='ocrx_word' id='word_1_75' title='bbox 1364 1437 1851 1537; x_wconf 79' lang='lat' dir='ltr'><strong>argumentiS,</strong></span> <span class='ocrx_word' id='word_1_76' title='bbox 1902 1434 2385 1537; x_wconf 77' lang='lat' dir='ltr'><strong>scriptoribus</strong></span> 
     </span>
     <span class='ocr_line' id='line_1_11' title="bbox 253 1554 2418 1660; baseline -0.001 -29"><span class='ocrx_word' id='word_1_77' title='bbox 253 1556 533 1659; x_wconf 87' lang='lat' dir='ltr'><strong>selegi,</strong></span> <span class='ocrx_word' id='word_1_78' title='bbox 612 1581 799 1658; x_wconf 87' lang='lat' dir='ltr'><strong>quos</strong></span> <span class='ocrx_word' id='word_1_79' title='bbox 855 1554 1053 1657; x_wconf 89' lang='lat' dir='ltr'><strong>apud</strong></span> <span class='ocrx_word' id='word_1_80' title='bbox 1120 1573 1435 1654; x_wconf 33' lang='lat' dir='ltr'><strong>exteros·</strong></span> <span class='ocrx_word' id='word_1_81' title='bbox 1476 1583 1624 1631; x_wconf 87' lang='lat' dir='ltr'><strong>uon</strong></span> <span class='ocrx_word' id='word_1_82' title='bbox 1686 1559 2012 1660; x_wconf 88' lang='lat' dir='ltr'><strong>ignorari</strong></span> <span class='ocrx_word' id='word_1_83' title='bbox 2066 1558 2418 1658; x_wconf 52' lang='lat' dir='ltr'><strong>scientiae*</strong></span> 
     </span>
     <span class='ocr_line' id='line_1_12' title="bbox 252 1676 2391 1778; baseline 0 -28"><span class='ocrx_word' id='word_1_84' title='bbox 252 1695 516 1753; x_wconf 82' lang='lat' dir='ltr'><strong>nostrae</strong></span> <span class='ocrx_word' id='word_1_85' title='bbox 578 1676 985 1752; x_wconf 86' lang='lat' dir='ltr'><strong>cultoribus</strong></span> <span class='ocrx_word' id='word_1_86' title='bbox 1040 1694 1465 1778; x_wconf 80' lang='lat' dir='ltr'><strong>exoptatum</strong></span> <span class='ocrx_word' id='word_1_87' title='bbox 1519 1678 1890 1777; x_wconf 82' lang='lat' dir='ltr'><strong>judicavi3</strong></span> <span class='ocrx_word' id='word_1_88' title='bbox 1957 1705 2125 1754; x_wconf 81' lang='lat' dir='ltr'><strong>sane</strong></span> <span class='ocrx_word' id='word_1_89' title='bbox 2182 1677 2391 1751; x_wconf 89' lang='lat' dir='ltr'><strong>multi</strong></span> 
     </span>
     <span class='ocr_line' id='line_1_13' title="bbox 252 1785 2391 1904; baseline -0 -30"><span class='ocrx_word' id='word_1_90' title='bbox 252 1819 417 1875; x_wconf 88' lang='lat' dir='ltr'><strong>sunt</strong></span> <span class='ocrx_word' id='word_1_91' title='bbox 459 1817 464 1823; x_wconf 87' lang='grc'><strong>’</strong></span> <span class='ocrx_word' id='word_1_92' title='bbox 499 1799 596 1875; x_wconf 89' lang='lat' dir='ltr'><strong>de</strong></span> <span class='ocrx_word' id='word_1_93' title='bbox 653 1792 1221 1902; x_wconf 85' lang='lat' dir='ltr'><strong>jurisprudentia</strong></span> <span class='ocrx_word' id='word_1_94' title='bbox 1292 1802 1369 1873; x_wconf 89' lang='lat' dir='ltr'><strong>in</strong></span> <span class='ocrx_word' id='word_1_95' title='bbox 1431 1785 1828 1879; x_wconf 86' lang='lat' dir='ltr'><strong>Germania</strong></span> <span class='ocrx_word' id='word_1_96' title='bbox 1890 1802 2168 1904; x_wconf 22' lang='lat' dir='ltr'><strong>optim-e</strong></span> <span class='ocrx_word' id='word_1_97' title='bbox 2228 1826 2391 1873; x_wconf 86' lang='lat' dir='ltr'><strong>me-</strong></span> 
     </span>
     <span class='ocr_line' id='line_1_14' title="bbox 255 1927 2392 2028; baseline 0.002 -31"><span class='ocrx_word' id='word_1_98' title='bbox 255 1927 421 2013; x_wconf 87' lang='lat' dir='ltr'><strong>riti,</strong></span> <span class='ocrx_word' id='word_1_99' title='bbox 509 1951 830 2027; x_wconf 79' lang='lat' dir='ltr'><strong>quorum</strong></span> <span class='ocrx_word' id='word_1_100' title='bbox 872 1941 1112 2000; x_wconf 81' lang='lat' dir='ltr'><strong>tamen</strong></span> <span class='ocrx_word' id='word_1_101' title='bbox 1165 1953 1392 2028; x_wconf 87' lang='lat' dir='ltr'><strong>opera</strong></span> <span class='ocrx_word' id='word_1_102' title='bbox 1428 1985 1448 2015; x_wconf 91' lang='lat'><strong><em>,</em></strong></span> <span class='ocrx_word' id='word_1_103' title='bbox 1505 1954 1674 2000; x_wconf 91' lang='lat' dir='ltr'><strong>cum</strong></span> <span class='ocrx_word' id='word_1_104' title='bbox 1730 1928 2089 2002; x_wconf 84' lang='lat' dir='ltr'><strong>forensem</strong></span> <span class='ocrx_word' id='word_1_105' title='bbox 2164 1929 2392 2028; x_wconf 85' lang='lat' dir='ltr'><strong>magis</strong></span> 
     </span>
     <span class='ocr_line' id='line_1_15' title="bbox 258 2049 2452 2151; baseline 0.001 -31"><span class='ocrx_word' id='word_1_106' title='bbox 258 2074 476 2121; x_wconf 87' lang='lat' dir='ltr'><strong>usum</strong></span> <span class='ocrx_word' id='word_1_107' title='bbox 535 2049 986 2151; x_wconf 82' lang='lat' dir='ltr'><strong>respiciant,</strong></span> <span class='ocrx_word' id='word_1_108' title='bbox 1050 2052 1318 2123; x_wconf 86' lang='lat' dir='ltr'><strong>exteris</strong></span> <span class='ocrx_word' id='word_1_109' title='bbox 1413 2050 1707 2149; x_wconf 84' lang='lat' dir='ltr'><strong>majoris</strong></span> <span class='ocrx_word' id='word_1_110' title='bbox 1802 2051 2160 2125; x_wconf 87' lang='lat' dir='ltr'><strong>momenti</strong></span> <span class='ocrx_word' id='word_1_111' title='bbox 2239 2075 2391 2122; x_wconf 87' lang='lat' dir='ltr'><strong>esse</strong></span> <span class='ocrx_word' id='word_1_112' title='bbox 2446 2131 2452 2137; x_wconf 36' lang='grc'>,</span> 
     </span>
     <span class='ocr_line' id='line_1_16' title="bbox 255 2169 2395 2274; baseline -0 -30"><span class='ocrx_word' id='word_1_113' title='bbox 255 2186 656 2272; x_wconf 88' lang='lat' dir='ltr'><strong>nequeunt.</strong></span> <span class='ocrx_word' id='word_1_114' title='bbox 709 2169 1192 2245; x_wconf 86' lang='lat' dir='ltr'><strong>Anteriorum</strong></span> <span class='ocrx_word' id='word_1_115' title='bbox 1228 2199 1531 2274; x_wconf 87' lang='lat' dir='ltr'><strong>quoque</strong></span> <span class='ocrx_word' id='word_1_116' title='bbox 1566 2175 2047 2273; x_wconf 83' lang='lat' dir='ltr'><strong>interpretum</strong></span> <span class='ocrx_word' id='word_1_117' title='bbox 2076 2170 2395 2272; x_wconf 82' lang='lat' dir='ltr'><strong>diligen-</strong></span> 
     </span>
     <span class='ocr_line' id='line_1_17' title="bbox 262 2290 2464 2394; baseline 0.001 -28"><span class='ocrx_word' id='word_1_118' title='bbox 262 2309 415 2366; x_wconf 73' lang='lat' dir='ltr'><strong>tem</strong></span> <span class='ocrx_word' id='word_1_119' title='bbox 442 2290 673 2371; x_wconf 84' lang='lat' dir='ltr'><strong>habui</strong></span> <span class='ocrx_word' id='word_1_120' title='bbox 700 2293 1104 2384; x_wconf 83' lang='lat' dir='ltr'><strong>rationem,</strong></span> <span class='ocrx_word' id='word_1_121' title='bbox 1141 2295 1272 2367; x_wconf 88' lang='lat' dir='ltr'><strong>sed</strong></span> <span class='ocrx_word' id='word_1_122' title='bbox 1307 2295 1624 2366; x_wconf 81' lang='lat' dir='ltr'><strong>maxime</strong></span> <span class='ocrx_word' id='word_1_123' title='bbox 1649 2292 1774 2367; x_wconf 87' lang='lat' dir='ltr'><strong>illa</strong></span> <span class='ocrx_word' id='word_1_124' title='bbox 1800 2294 2070 2394; x_wconf 88' lang='lat' dir='ltr'><strong>scripta</strong></span> <span class='ocrx_word' id='word_1_125' title='bbox 2109 2291 2396 2368; x_wconf 82' lang='lat' dir='ltr'><strong>laudavi</strong></span> <span class='ocrx_word' id='word_1_126' title='bbox 2463 2298 2464 2301; x_wconf 68' lang='grc'>’</span> 
     </span>
     <span class='ocr_line' id='line_1_18' title="bbox 269 2413 2404 2522; baseline 0.002 -34"><span class='ocrx_word' id='word_1_127' title='bbox 269 2432 347 2488; x_wconf 89' lang='lat' dir='ltr'><strong>et</strong></span> <span class='ocrx_word' id='word_1_128' title='bbox 389 2413 669 2489; x_wconf 84' lang='lat' dir='ltr'><strong>adduxi</strong></span> <span class='ocrx_word' id='word_1_129' title='bbox 704 2470 724 2503; x_wconf 88' lang='lat'><em>‚</em></span> <span class='ocrx_word' id='word_1_130' title='bbox 791 2413 1057 2516; x_wconf 87' lang='lat' dir='ltr'><strong>quibus</strong></span> <span class='ocrx_word' id='word_1_131' title='bbox 1100 2414 1485 2489; x_wconf 86' lang='lat' dir='ltr'><strong>Gallorum</strong></span> <span class='ocrx_word' id='word_1_132' title='bbox 1526 2432 1605 2522; x_wconf 26' lang='lat' dir='ltr'><strong>‘et</strong></span> <span class='ocrx_word' id='word_1_133' title='bbox 1641 2414 2036 2517; x_wconf 87' lang='lat' dir='ltr'><strong>Belgarum</strong></span> <span class='ocrx_word' id='word_1_134' title='bbox 2076 2414 2404 2493; x_wconf 82' lang='lat' dir='ltr'><strong>illustris-</strong></span> 
     </span>
     <span class='ocr_line' id='line_1_19' title="bbox 266 2527 2395 2638; baseline 0.002 -28"><span class='ocrx_word' id='word_1_135' title='bbox 266 2538 436 2611; x_wconf 83' lang='lat' dir='ltr'><strong>simi</strong></span> <span class='ocrx_word' id='word_1_136' title='bbox 488 2535 979 2636; x_wconf 85' lang='lat' dir='ltr'><strong>jurisconsulti</strong></span> <span class='ocrx_word' id='word_1_137' title='bbox 1026 2536 1488 2612; x_wconf 82' lang='lat' dir='ltr'><strong>saeculorum&#39;</strong></span> <span class='ocrx_word' id='word_1_138' title='bbox 1516 2538 1712 2632; x_wconf 85' lang='lat' dir='ltr'><strong>XVI</strong></span> <span class='ocrx_word' id='word_1_139' title='bbox 1757 2544 1839 2612; x_wconf 81' lang='lat' dir='ltr'><strong>&#39;et</strong></span> <span class='ocrx_word' id='word_1_140' title='bbox 1892 2538 2120 2616; x_wconf 86' lang='lat' dir='ltr'>XVII</span> <span class='ocrx_word' id='word_1_141' title='bbox 2177 2527 2395 2638; x_wconf 87' lang='lat' dir='ltr'><strong>juris-</strong></span> 
     </span>
     <span class='ocr_line' id='line_1_20' title="bbox 260 2656 2404 2762; baseline 0.001 -29"><span class='ocrx_word' id='word_1_142' title='bbox 260 2657 737 2762; x_wconf 81' lang='lat' dir='ltr'><strong>prudentiam</strong></span> <span class='ocrx_word' id='word_1_143' title='bbox 780 2658 1148 2734; x_wconf 84' lang='lat' dir='ltr'><strong>classicam</strong></span> <span class='ocrx_word' id='word_1_144' title='bbox 1195 2660 1754 2738; x_wconf 82' lang='lat' dir='ltr'><strong>exornaverunt.</strong></span> <span class='ocrx_word' id='word_1_145' title='bbox 1853 2656 1858 2662; x_wconf 68' lang='grc'><strong>’</strong></span> <span class='ocrx_word' id='word_1_146' title='bbox 2399 2659 2404 2664; x_wconf 68' lang='grc'><strong>’</strong></span> 
     </span>
    </p>
   </div>
   <div class='ocr_carea' id='block_1_2' title="bbox 271 2831 2398 3674">
    <p class='ocr_par' dir='ltr' id='par_1_3' title="bbox 271 2831 2398 3674">
     <span class='ocr_line' id='line_1_21' title="bbox 360 2831 2396 2938; baseline 0.002 -32"><span class='ocrx_word' id='word_1_147' title='bbox 360 2832 574 2907; x_wconf 89' lang='lat' dir='ltr'><strong>Inter</strong></span> <span class='ocrx_word' id='word_1_148' title='bbox 650 2848 980 2907; x_wconf 84' lang='lat' dir='ltr'><strong>recentes</strong></span> <span class='ocrx_word' id='word_1_149' title='bbox 1045 2831 1341 2909; x_wconf 82' lang='lat' dir='ltr'><strong>Galliae-</strong></span> <span class='ocrx_word' id='word_1_150' title='bbox 1384 2836 1781 2938; x_wconf 86' lang='lat' dir='ltr'><strong>scriptores</strong></span> <span class='ocrx_word' id='word_1_151' title='bbox 1848 2837 2238 2937; x_wconf 75' lang='lat' dir='ltr'><strong>saepissime</strong></span> <span class='ocrx_word' id='word_1_152' title='bbox 2298 2836 2396 2911; x_wconf 83' lang='lat' dir='ltr'><strong>ad</strong></span> 
     </span>
     <span class='ocr_line' id='line_1_22' title="bbox 275 2955 2396 3060; baseline 0.001 -32"><span class='ocrx_word' id='word_1_153' title='bbox 275 2955 659 3028; x_wconf 79' lang='lat' dir='ltr'><strong>Themidis</strong></span> <span class='ocrx_word' id='word_1_154' title='bbox 718 2971 1052 3030; x_wconf 86' lang='lat' dir='ltr'><strong>auctores</strong></span> <span class='ocrx_word' id='word_1_155' title='bbox 1093 2960 1491 3058; x_wconf 86' lang='lat' dir='ltr'><strong>provocavi</strong></span> <span class='ocrx_word' id='word_1_156' title='bbox 1541 3014 1558 3046; x_wconf 94' lang='lat'>,</span> <span class='ocrx_word' id='word_1_157' title='bbox 1596 2984 1912 3060; x_wconf 86' lang='lat' dir='ltr'><strong>quorum</strong></span> <span class='ocrx_word' id='word_1_158' title='bbox 1957 2958 2396 3060; x_wconf 77' lang='lat' dir='ltr'><strong>indefessum</strong></span> 
     </span>
     <span class='ocr_line' id='line_1_23' title="bbox 271 3074 2397 3179; baseline 0.002 -30"><span class='ocrx_word' id='word_1_159' title='bbox 271 3074 610 3150; x_wconf 87' lang='lat' dir='ltr'><strong>melioris</strong></span> <span class='ocrx_word' id='word_1_160' title='bbox 673 3074 1262 3179; x_wconf 86' lang='lat' dir='ltr'><strong>jurisprudentiae</strong></span> <span class='ocrx_word' id='word_1_161' title='bbox 1329 3077 1794 3170; x_wconf 81' lang='lat' dir='ltr'><strong>restituendae</strong></span> <span class='ocrx_word' id='word_1_162' title='bbox 1876 3080 2196 3174; x_wconf 75' lang='lat' dir='ltr'><strong>studium</strong></span> <span class='ocrx_word' id='word_1_163' title='bbox 2249 3080 2397 3178; x_wconf 87' lang='lat' dir='ltr'><strong>jam</strong></span> 
     </span>
     <span class='ocr_line' id='line_1_24' title="bbox 271 3196 2394 3297; baseline 0.002 -26"><span class='ocrx_word' id='word_1_164' title='bbox 271 3223 544 3273; x_wconf 88' lang='lat' dir='ltr'><strong>novam</strong></span> <span class='ocrx_word' id='word_1_165' title='bbox 587 3196 912 3276; x_wconf 86' lang='lat' dir='ltr'><strong>fundavit</strong></span> <span class='ocrx_word' id='word_1_166' title='bbox 955 3200 1032 3273; x_wconf 91' lang='lat' dir='ltr'><strong>in</strong></span> <span class='ocrx_word' id='word_1_167' title='bbox 1066 3199 1303 3273; x_wconf 77' lang='lat' dir='ltr'><strong>Gallia</strong></span> <span class='ocrx_word' id='word_1_168' title='bbox 1336 3199 1516 3297; x_wconf 89' lang='lat' dir='ltr'><strong>juris</strong></span> <span class='ocrx_word' id='word_1_169' title='bbox 1559 3204 1846 3275; x_wconf 86' lang='lat' dir='ltr'><strong>romani</strong></span> <span class='ocrx_word' id='word_1_170' title='bbox 1889 3201 2213 3277; x_wconf 67' lang='lat' dir='ltr'><strong>scholam</strong></span> <span class='ocrx_word' id='word_1_171' title='bbox 2261 3204 2394 3297; x_wconf 87' lang='lat'>(1).</span> 
     </span>
     <span class='ocr_line' id='line_1_25' title="bbox 272 3317 2397 3435; baseline 0.003 -45"><span class='ocrx_word' id='word_1_172' title='bbox 272 3317 641 3393; x_wconf 83' lang='lat' dir='ltr'><strong>Doctrina</strong></span> <span class='ocrx_word' id='word_1_173' title='bbox 687 3320 764 3392; x_wconf 90' lang='lat' dir='ltr'><strong>in</strong></span> <span class='ocrx_word' id='word_1_174' title='bbox 808 3317 1126 3422; x_wconf 86' lang='lat' dir='ltr'><strong>Belgicis</strong></span> <span class='ocrx_word' id='word_1_175' title='bbox 1178 3318 1599 3435; x_wconf 76' lang='lat' dir='ltr'><strong>Academiis</strong></span> <span class='ocrx_word' id='word_1_176' title='bbox 1641 3322 1866 3399; x_wconf 89' lang='lat' dir='ltr'><strong>hodie</strong></span> <span class='ocrx_word' id='word_1_177' title='bbox 1918 3327 2169 3401; x_wconf 85' lang='lat' dir='ltr'><strong>usitata</strong></span> <span class='ocrx_word' id='word_1_178' title='bbox 2227 3351 2397 3400; x_wconf 84' lang='lat' dir='ltr'><strong>cum</strong></span> 
     </span>
     <span class='ocr_line' id='line_1_26' title="bbox 276 3439 2397 3549; baseline 0.003 -36"><span class='ocrx_word' id='word_1_179' title='bbox 276 3464 372 3514; x_wconf 83' lang='lat' dir='ltr'><strong>ex</strong></span> <span class='ocrx_word' id='word_1_180' title='bbox 448 3439 1075 3518; x_wconf 86' lang='lat' dir='ltr'><strong>dissertationibus</strong></span> <span class='ocrx_word' id='word_1_181' title='bbox 1131 3443 1677 3544; x_wconf 87' lang='lat' dir='ltr'><strong>inauguralibus</strong></span> <span class='ocrx_word' id='word_1_182' title='bbox 1706 3504 1728 3535; x_wconf 91' lang='lat'><strong><em>,</em></strong></span> <span class='ocrx_word' id='word_1_183' title='bbox 1790 3464 1914 3523; x_wconf 89' lang='lat' dir='ltr'><strong>aut</strong></span> <span class='ocrx_word' id='word_1_184' title='bbox 1982 3476 2073 3523; x_wconf 86' lang='lat' dir='ltr'><strong>ex</strong></span> <span class='ocrx_word' id='word_1_185' title='bbox 2116 3448 2397 3549; x_wconf 85' lang='lat' dir='ltr'><strong>profes-</strong></span> 
     </span>
     <span class='ocr_line' id='line_1_27' title="bbox 278 3555 2398 3674; baseline 0.004 -39"><span class='ocrx_word' id='word_1_186' title='bbox 278 3586 534 3636; x_wconf 86' lang='lat' dir='ltr'><strong>sorum</strong></span> <span class='ocrx_word' id='word_1_187' title='bbox 593 3564 1045 3641; x_wconf 87' lang='lat' dir='ltr'><strong>orationibus</strong></span> <span class='ocrx_word' id='word_1_188' title='bbox 1097 3559 1342 3643; x_wconf 64' lang='lat' dir='ltr'><strong>aliisve</strong></span> <span class='ocrx_word' id='word_1_189' title='bbox 1381 3555 1752 3667; x_wconf 44' lang='lat' dir='ltr'><strong>‘ejusmodi</strong></span> <span class='ocrx_word' id='word_1_190' title='bbox 1784 3570 2152 3674; x_wconf 81' lang='lat' dir='ltr'><strong>opusculis</strong></span> <span class='ocrx_word' id='word_1_191' title='bbox 2204 3598 2398 3671; x_wconf 81' lang='lat' dir='ltr'><strong>prae-</strong></span> 
     </span>
    </p>
   </div>
   <div class='ocr_carea' id='block_1_3' title="bbox 366 3818 2547 3930">
    <p class='ocr_par' dir='ltr' id='par_1_4' title="bbox 366 3818 2547 3930">
     <span class='ocr_line' id='line_1_28' title="bbox 366 3818 2547 3930; baseline 0.002 -28"><span class='ocrx_word' id='word_1_192' title='bbox 366 3840 487 3924; x_wconf 88' lang='lat'><strong>(1)</strong></span> <span class='ocrx_word' id='word_1_193' title='bbox 530 3839 694 3904; x_wconf 87' lang='lat' dir='ltr'><strong>Vide</strong></span> <span class='ocrx_word' id='word_1_194' title='bbox 742 3864 880 3926; x_wconf 81' lang='lat' dir='ltr'><strong>quae</strong></span> <span class='ocrx_word' id='word_1_195' title='bbox 924 3844 1254 3908; x_wconf 84' lang='lat' dir='ltr'><strong>novissime</strong></span> <span class='ocrx_word' id='word_1_196' title='bbox 1310 3845 1563 3926; x_wconf 84' lang='lat' dir='ltr'><strong>(mense</strong></span> <span class='ocrx_word' id='word_1_197' title='bbox 1604 3844 1774 3907; x_wconf 87' lang='lat' dir='ltr'><strong>Julio</strong></span> <span class='ocrx_word' id='word_1_198' title='bbox 1812 3842 1964 3925; x_wconf 78' lang='lat'>1824</span> <span class='ocrx_word' id='word_1_199' title='bbox 2001 3894 2018 3922; x_wconf 84' lang='lat'><strong><em>‚</em></strong></span> <span class='ocrx_word' id='word_1_200' title='bbox 2049 3828 2189 3930; x_wconf 76' lang='lat' dir='ltr'><strong>pag.</strong></span> <span class='ocrx_word' id='word_1_201' title='bbox 2231 3818 2393 3929; x_wconf 71' lang='lat'><strong>463)</strong></span> <span class='ocrx_word' id='word_1_202' title='bbox 2477 3837 2482 3842; x_wconf 63' lang='grc'><strong>’</strong></span> <span class='ocrx_word' id='word_1_203' title='bbox 2544 3837 2547 3840; x_wconf 51' lang='grc'>’</span> 
     </span>
    </p>
   </div>
   <div class='ocr_carea' id='block_1_4' title="bbox 281 3947 2401 4146">
    <p class='ocr_par' dir='ltr' id='par_1_5' title="bbox 281 3947 2401 4146">
     <span class='ocr_line' id='line_1_29' title="bbox 281 3947 2401 4034; baseline 0.004 -27"><span class='ocrx_word' id='word_1_204' title='bbox 281 3949 357 4008; x_wconf 86' lang='lat' dir='ltr'><strong>in</strong></span> <span class='ocrx_word' id='word_1_205' title='bbox 388 3947 678 4011; x_wconf 75' lang='lat' dir='ltr'><strong>Themide</strong></span> <span class='ocrx_word' id='word_1_206' title='bbox 733 3961 1067 4029; x_wconf 86' lang='lat' dir='ltr'><strong>notantur,</strong></span> <span class='ocrx_word' id='word_1_207' title='bbox 1115 3954 1436 4015; x_wconf 83' lang='lat' dir='ltr'><strong>occasione</strong></span> <span class='ocrx_word' id='word_1_208' title='bbox 1492 3953 1725 4013; x_wconf 88' lang='lat' dir='ltr'><strong>notitiae</strong></span> <span class='ocrx_word' id='word_1_209' title='bbox 1768 3952 1846 4013; x_wconf 88' lang='lat' dir='ltr'><strong>de</strong></span> <span class='ocrx_word' id='word_1_210' title='bbox 1886 3956 2401 4034; x_wconf 66' lang='lat' dir='ltr'><strong>praestantissima</strong></span> 
     </span>
     <span class='ocr_line' id='line_1_30' title="bbox 284 4055 2141 4146; baseline 0.003 -31"><span class='ocrx_word' id='word_1_211' title='bbox 284 4055 621 4122; x_wconf 73' lang='lat' dir='ltr'><strong>Parisiensi</strong></span> <span class='ocrx_word' id='word_1_212' title='bbox 675 4056 1108 4123; x_wconf 75' lang='lat' dir='ltr'><strong>dissertatione</strong></span> <span class='ocrx_word' id='word_1_213' title='bbox 1149 4080 1187 4121; x_wconf 82' lang='lat' dir='ltr'><strong>a</strong></span> <span class='ocrx_word' id='word_1_214' title='bbox 1230 4059 1396 4124; x_wconf 85' lang='lat' dir='ltr'><strong>doct.</strong></span> <span class='ocrx_word' id='word_1_215' title='bbox 1430 4059 1738 4124; x_wconf 42' lang='lat' dir='ltr'><strong>*Burnouf</strong></span> <span class='ocrx_word' id='word_1_216' title='bbox 1798 4060 2141 4146; x_wconf 76' lang='lat' dir='ltr'><strong>publicata.</strong></span> 
     </span>
    </p>
   </div>
  </div>
 </body>
</html>
