2893 4778
529 336 625 409 80
856 325 1367 409 conuemnnn
1414 347 1616 398 smus
1665 345 1949 398 nouam
1999 342 2319 398 pawn-1.

1387 525 1418 613 ς
1510 520 1791 592 xxxi

531 715 649 786 De
713 712 1206 786 Glossatoribus
1269 735 1621 804 eorumque
1683 734 1809 804 pro
1854 712 2036 804 juris
2103 712 2375 777 romani
2430 708 2655 777 studio

1362 829 1610 891 meritis
1669 831 1805 912 (1).

511 1057 514 1062 2
623 1018 762 1112 Qui
806 1013 969 1109 juris
1012 1015 1262 1084 romani
1312 1014 1597 1082 studium
1651 1013 1723 1080 in
1769 1012 1953 1081 Italia
2007 1016 2421 1082 restituerunt
2453 1066 2472 1096 ‚
2526 1037 2658 1106 pro

530 1138 691 1226 iuris
733 1146 800 1201 et
843 1131 1064 1226 legum
1107 1130 1373 1196 historia
1406 1129 1579 1221 apud
1618 1153 1841 1195 omnes
1882 1128 2015 1194 fere
2060 1130 2341 1222 Europae
2380 1128 2657 1221 populos

532 1262 728 1318 tantae
783 1246 1111 1341 gravitatis
1166 1244 1317 1311 sacti
1367 1257 1517 1310 sunt
1563 1294 1583 1324 ‚
1644 1256 1723 1309 ut
1778 1244 2105 1310 neminem
2160 1245 2316 1331 juris
2364 1244 2658 1336 peritum

533 1389 643 1432 eos
682 1367 979 1456 ignorare
1025 1371 1329 1453 oporteat.
1384 1357 1718 1426 Vocantur
1767 1356 1865 1423 illi
1909 1360 2066 1445 juris
2122 1357 2409 1426 doctores
2454 1356 2656 1433 Glos-

536 1492 773 1546 satores
819 1526 838 1557 ‚
886 1500 968 1541 ex
1026 1498 1104 1541 eo
1164 1470 1340 1564 quod
1402 1470 1542 1539 loca
1600 1471 1905 1563 quaelibet
1958 1474 2126 1559 notis
2175 1496 2287 1539 seu
2334 1470 2596 1540 scholiis
2636 1517 2695 1571 ⁹-.

539 1589 684 1687 qua}
744 1606 888 1659 tum
946 1588 1187 1683 glossoe
1259 1587 1641 1656 dicebantur
1668 1567 1701 1668 .’
1758 1587 2183 1655 illustrabant.
2254 1587 2363 1655 Ab
2427 1612 2661 1655 eorum

539 1706 772 1773 scholis
819 1703 1258 1771 universitates
1295 1701 1729 1768 recentiorum
1783 1703 2105 1795 originem
2148 1702 2416 1769 trahunt
2444 1745 2476 1783 ,
2536 1725 2660 1766 ea-

540 1841 818 1913 rumque
868 1815 986 1911 per
1030 1816 1216 1909 plura
1261 1815 1487 1883 saecula
1540 1816 1746 1884 forma
1798 1829 1987 1908 atque
2039 1813 2358 1908 regimen.
2406 1814 2664 1882 Gradus

547 1959 806 2030 quoque
857 1929 1201 1998 academici
1249 1950 1408 2021 quos
1449 1951 1625 1996 nunc
1671 1930 1980 1997 babemus
2043 1929 2136 1996 ibi
2183 1931 2430 1999 inventi
2469 1942 2623 1995 sunt
2642 1976 2661 2007 ,

546 2049 751 2119 veluti
799 2044 1201 2112 Baccalaurei
1243 2095 1260 2124 ‚
1317 2043 1665 2110 Licentiati
1700 2087 1730 2124 ,
1774 2044 2071 2110 Doctoris
2119 2050 2264 2129 (2).
2311 2045 2664 2112 Variarmn

546 2164 824 2254 denique
883 2160 1320 2227 mutationum
1392 2158 1564 2224 circa
1631 2161 1727 2244 jus
1790 2180 2131 2224 romanum
2167 2210 2185 2239 ,
2247 2181 2528 2251 quorum
2595 2170 2669 2226 et

546 2275 745 2347 hodie
790 2274 1008 2344 videre
1055 2285 1147 2339 est
1199 2272 1455 2364 effectus
1486 2323 1504 2352 ‚
1558 2270 1655 2337 illi
1705 2285 1854 2339 sunt
1898 2261 2206 2340 auctores.

650 2406 743 2460 10.
795 2383 969 2458 Cum
1016 2381 1170 2453 libri
1219 2381 1565 2456 Justiniani
1626 2411 1741 2475 per
1791 2411 2019 2454 eorum
2081 2388 2536 2456 auctoritatem
2596 2387 2688 2460 in.

548 2508 706 2580 foris
759 2517 963 2573 essent
1008 2500 1362 2568 introducti
1391 2553 1408 2583 ‚
1452 2500 1579 2567 illae
1624 2514 1878 2568 tantum
1919 2515 2135 2594 partes
2166 2514 2433 2595 receptae
2468 2517 2625 2570 sunt
2655 2557 2676 2586 ,

554 2649 713 2717 quas
758 2623 878 2714 ipsi
930 2632 1242 2688 noverant
1281 2672 1299 2702 ‚
1370 2619 1713 2711 glossisque
1776 2619 2265 2690 illustraverant.
2321 2621 2681 2714 Postquam

554 2736 852 2801 omnium
868 2732 1218 2826 glossarum
1235 2733 1512 2824 epitome
1532 2746 1665 2799 erat
1688 2733 1981 2802 confecta
2006 2784 2022 2815 ‚
2062 2732 2515 2825 codicibusque
2532 2746 2689 2802 ma-=

556 2848 898 2940 nuscriptis
956 2845 1271 2913 librorum
1320 2850 1479 2936 juris
1532 2846 1778 2937 adjecta
1821 2899 1839 2929 ,
1894 2847 2138 2916 factum
2176 2861 2270 2915 est
2305 2900 2323 2929 ,
2370 2862 2444 2915 ut
2484 2849 2685 2943 plura

649 3171 670 3250 (
691 3191 710 3229 1
732 3172 752 3250 )
782 3168 969 3231 Sartii
995 3190 1151 3251 opus
1175 3168 1494 3230 laudatum
1509 3169 1877 3232 Tiraboschi
1897 3171 1960 3231 in
1985 3191 2172 3253 opere
2184 3172 2397 3233 citato.
2424 3166 2460 3228 J
2466 3168 2689 3251 {Pan-

461 3290 467 3298 ’
564 3277 845 3352 εἰιὌΙιιε,
891 3276 968 3336 de
1015 3274 1202 3336 claris
1249 3275 1366 3358 leg.
1413 3278 1862 3359 interpretibus
1893 3324 1911 3354 ,
1962 3277 2058 3338 ed.
2095 3278 2174 3338 G.
2209 3275 2329 3338 Ch.
2383 3273 2689 3337 Hoffman

559 3404 722 3468 ¹7²¹
762 3431 778 3458 ‚
830 3380 916 3460 40.
968 3380 1304 3456 Haubold‚
1355 3382 1506 3444 Inst.
1556 3386 1673 3466 jur.
1722 3404 1877 3445 rom.
1931 3382 2167 3446 literar.
2221 3381 2430 3466 1809,
2478 3382 2557 3443 T·
2609 3403 2636 3443 1
2666 3427 2689 3457 φ

565 3509 631 3575 p.
664 3486 871 3567 32⁴4!
919 3509 941 3566 3
999 3488 1188 3569 Hugo
1247 3488 1289 3549 l.
1343 3510 1396 3549 c.
1465 3488 1543 3573 75
1603 3501 1666 3550 et
1719 3511 1846 3572 seq.
1904 3491 2356 3574 Spangenberg
2412 3487 2458 3548 l.
2503 3505 2567 3549 c..
2616 3511 2687 3573 p.

570 3594 896 3675 254-2583
938 3593 1271 3656 Ten-asson
1291 3635 1316 3671 ,
1359 3595 1642 3658 Histoire
1683 3596 1762 3657 de
1800 3597 1868 3657 la
1883 3596 2363 3681 jurisprudence
2399 3598 2698 3658 romaine

570 3705 775 3787 partie
824 3701 910 3761 lV
942 3745 961 3778 ,
1010 3722 1073 3783 p.
1122 3699 1294 3780 3653
1336 3702 1619 3782 Savigny
1663 3704 1741 3765 T.
1789 3703 1902 3764 111.
1951 3705 2019 3765 iu
2068 3714 2236 3765 tomo
2281 3701 2370 3762 IV
2418 3702 2500 3764 de
2548 3706 2702 3767 sin-

576 3809 741 3894 gulis
782 3810 964 3890 gloss,
1008 3808 1354 3887 tractabit3
1402 3811 1681 3874 Gravina
1727 3811 1865 3871 Lib.
1918 3811 1945 3871 1
1990 3832 2046 3871 c.
2099 3808 2214 3871 138
2262 3819 2325 3871 et
2362 3829 2493 3892 seq.
2578 3848 2585 3853 ἡ

663 3916 774 3997 (2)
818 3913 978 3976 Vide
1020 3915 1099 3976 de
1139 3915 1379 3997 origine
1431 3913 1659 3977 horum
1708 3917 1981 4001 Savigny
2009 3958 2033 3993 ,
2085 3938 2150 3999 p.
2217 3915 2520 3979 186-221.
2574 3917 2707 3979 Se·-

574 4023 853 4084 cundum
904 4023 1062 4084 alios
1097 4071 1114 4100 ‚
1171 4023 1398 4106 gradus
1456 4021 1524 4084 hi
1574 4025 1944 4093 vetustiores
1991 4025 2060 4087 in
2112 4026 2526 4092 ,universitate
2563 4021 2703 4089 Pa-

578 4130 829 4194 risiensi
879 4132 1154 4215 primum
1198 4131 1430 4217 recepti
1482 4139 1683 4198 erant.
