<?xml version="1.0" encoding="UTF-8"?>
<!DOCTYPE html PUBLIC "-//W3C//DTD XHTML 1.0 Transitional//EN"
    "http://www.w3.org/TR/xhtml1/DTD/xhtml1-transitional.dtd">
<html xmlns="http://www.w3.org/1999/xhtml" xml:lang="en" lang="en">
 <head>
  <title>
</title>
<meta http-equiv="Content-Type" content="text/html;charset=utf-8" />
  <meta name='ocr-system' content='tesseract 3.04.00' />
  <meta name='ocr-capabilities' content='ocr_page ocr_carea ocr_par ocr_line ocrx_word'/>
</head>
<body>
  <div class='ocr_page' id='page_1' title='image "./commentariijuri00warngoog/commentariijuri00warngoog_0350.png"; bbox 0 0 2893 4778; ppageno 0'>
   <div class='ocr_carea' id='block_1_1' title="bbox 510 282 2310 356">
    <p class='ocr_par' dir='ltr' id='par_1_1' title="bbox 510 282 2310 356">
     <span class='ocr_line' id='line_1_1' title="bbox 510 282 2310 356; baseline -0.003 -1"><span class='ocrx_word' id='word_1_1' title='bbox 510 282 654 356; x_wconf 77' lang='lat'><strong>530</strong></span> <span class='ocrx_word' id='word_1_2' title='bbox 807 306 1345 356; x_wconf 60' lang='lat' dir='ltr'><strong>normannum</strong></span> <span class='ocrx_word' id='word_1_3' title='bbox 1405 307 1604 356; x_wconf 75' lang='lat' dir='ltr'><strong>smus</strong></span> <span class='ocrx_word' id='word_1_4' title='bbox 1657 304 1941 355; x_wconf 55' lang='lat' dir='ltr'><strong>nouam</strong></span> <span class='ocrx_word' id='word_1_5' title='bbox 1993 306 2310 352; x_wconf 61' lang='lat' dir='ltr'><strong>rnxvart.</strong></span> 
     </span>
    </p>
   </div>
   <div class='ocr_carea' id='block_1_2' title="bbox 502 424 2643 1096">
    <p class='ocr_par' dir='ltr' id='par_1_2' title="bbox 502 424 2643 1096">
     <span class='ocr_line' id='line_1_2' title="bbox 505 424 2619 519; baseline -0.002 -24"><span class='ocrx_word' id='word_1_6' title='bbox 505 426 695 495; x_wconf 81' lang='lat' dir='ltr'><strong>dictae</strong></span> <span class='ocrx_word' id='word_1_7' title='bbox 775 433 891 513; x_wconf 84' lang='lat'><strong>(1)</strong></span> <span class='ocrx_word' id='word_1_8' title='bbox 940 454 958 510; x_wconf 82' lang='lat'>3</span> <span class='ocrx_word' id='word_1_9' title='bbox 1029 428 1131 493; x_wconf 84' lang='lat' dir='ltr'><strong>hae</strong></span> <span class='ocrx_word' id='word_1_10' title='bbox 1206 429 1647 495; x_wconf 85' lang='lat' dir='ltr'><strong>controversiis</strong></span> <span class='ocrx_word' id='word_1_11' title='bbox 1736 426 1929 494; x_wconf 82' lang='lat' dir='ltr'><strong>finem</strong></span> <span class='ocrx_word' id='word_1_12' title='bbox 1957 430 1967 439; x_wconf 82' lang='grc'>’</span> <span class='ocrx_word' id='word_1_13' title='bbox 1995 428 2344 519; x_wconf 90' lang='lat' dir='ltr'><strong>imponunt</strong></span> <span class='ocrx_word' id='word_1_14' title='bbox 2403 424 2619 491; x_wconf 71' lang='lat' dir='ltr'><strong>absol-</strong></span> 
     </span>
     <span class='ocr_line' id='line_1_3' title="bbox 505 539 2627 634; baseline 0 -27"><span class='ocrx_word' id='word_1_15' title='bbox 505 542 717 610; x_wconf 78' lang='lat' dir='ltr'><strong>vendo</strong></span> <span class='ocrx_word' id='word_1_16' title='bbox 742 541 844 609; x_wconf 87' lang='lat' dir='ltr'><strong>vel</strong></span> <span class='ocrx_word' id='word_1_17' title='bbox 872 541 1358 609; x_wconf 85' lang='lat' dir='ltr'><strong>condemnando</strong></span> <span class='ocrx_word' id='word_1_18' title='bbox 1382 567 1610 624; x_wconf 80' lang='lat' dir='ltr'><strong>reum3</strong></span> <span class='ocrx_word' id='word_1_19' title='bbox 1641 540 1764 610; x_wconf 83' lang='lat' dir='ltr'><strong>illae</strong></span> <span class='ocrx_word' id='word_1_20' title='bbox 1794 565 1999 634; x_wconf 87' lang='lat' dir='ltr'><strong>neque</strong></span> <span class='ocrx_word' id='word_1_21' title='bbox 2026 539 2627 627; x_wconf 79' lang='lat' dir='ltr'><strong>condemnationem</strong></span> 
     </span>
     <span class='ocr_line' id='line_1_4' title="bbox 507 654 2643 748; baseline -0.002 -23"><span class='ocrx_word' id='word_1_22' title='bbox 507 660 846 725; x_wconf 81' lang='lat' dir='ltr'><strong>continent</strong></span> <span class='ocrx_word' id='word_1_23' title='bbox 912 681 1123 748; x_wconf 80' lang='lat' dir='ltr'><strong>neque</strong></span> <span class='ocrx_word' id='word_1_24' title='bbox 1190 655 1654 723; x_wconf 86' lang='lat' dir='ltr'><strong>absolutionem</strong></span> <span class='ocrx_word' id='word_1_25' title='bbox 1679 707 1698 736; x_wconf 85' lang='lat'>‚</span> <span class='ocrx_word' id='word_1_26' title='bbox 1760 655 1868 724; x_wconf 89' lang='lat' dir='ltr'><strong>sed</strong></span> <span class='ocrx_word' id='word_1_27' title='bbox 1924 654 2004 722; x_wconf 91' lang='lat' dir='ltr'><strong>de</strong></span> <span class='ocrx_word' id='word_1_28' title='bbox 2057 680 2240 723; x_wconf 83' lang='lat' dir='ltr'><strong>causa</strong></span> <span class='ocrx_word' id='word_1_29' title='bbox 2308 654 2643 720; x_wconf 84' lang='lat' dir='ltr'><strong>incidente.</strong></span> 
     </span>
     <span class='ocr_line' id='line_1_5' title="bbox 502 768 2629 864; baseline -0.001 -28"><span class='ocrx_word' id='word_1_30' title='bbox 502 783 787 838; x_wconf 77' lang='lat' dir='ltr'><strong>statuunt</strong></span> <span class='ocrx_word' id='word_1_31' title='bbox 825 769 907 839; x_wconf 86' lang='lat' dir='ltr'><strong>ad</strong></span> <span class='ocrx_word' id='word_1_32' title='bbox 946 795 1197 837; x_wconf 86' lang='lat' dir='ltr'><strong>causam</strong></span> <span class='ocrx_word' id='word_1_33' title='bbox 1226 770 1645 864; x_wconf 81' lang='lat' dir='ltr'><strong>principalem</strong></span> <span class='ocrx_word' id='word_1_34' title='bbox 1684 772 2044 862; x_wconf 81' lang='lat' dir='ltr'><strong>pertinente</strong></span> <span class='ocrx_word' id='word_1_35' title='bbox 2087 783 2152 835; x_wconf 92' lang='lat' dir='ltr'><strong>et</strong></span> <span class='ocrx_word' id='word_1_36' title='bbox 2184 768 2629 861; x_wconf 69' lang='lat' dir='ltr'><strong>praejudicium</strong></span> 
     </span>
     <span class='ocr_line' id='line_1_6' title="bbox 502 882 2625 977; baseline -0.002 -26"><span class='ocrx_word' id='word_1_37' title='bbox 502 882 769 952; x_wconf 83' lang='lat' dir='ltr'><strong>faciente</strong></span> <span class='ocrx_word' id='word_1_38' title='bbox 805 937 823 965; x_wconf 89' lang='lat'><strong>,</strong></span> <span class='ocrx_word' id='word_1_39' title='bbox 886 884 1086 953; x_wconf 86' lang='lat' dir='ltr'><strong>veluti</strong></span> <span class='ocrx_word' id='word_1_40' title='bbox 1143 910 1288 951; x_wconf 92' lang='lat' dir='ltr'><strong>cum</strong></span> <span class='ocrx_word' id='word_1_41' title='bbox 1342 886 1636 977; x_wconf 89' lang='lat' dir='ltr'><strong>probatio</strong></span> <span class='ocrx_word' id='word_1_42' title='bbox 1685 886 2060 976; x_wconf 85' lang='lat' dir='ltr'><strong>imponitur.</strong></span> <span class='ocrx_word' id='word_1_43' title='bbox 2119 885 2198 950; x_wconf 90' lang='lat' dir='ltr'><strong>In</strong></span> <span class='ocrx_word' id='word_1_44' title='bbox 2255 885 2432 950; x_wconf 87' lang='lat' dir='ltr'><strong>omni</strong></span> <span class='ocrx_word' id='word_1_45' title='bbox 2496 908 2625 947; x_wconf 79' lang='lat' dir='ltr'><strong>au·-</strong></span> 
     </span>
     <span class='ocr_line' id='line_1_7' title="bbox 502 998 2635 1096; baseline -0.002 -30"><span class='ocrx_word' id='word_1_46' title='bbox 502 1010 636 1066; x_wconf 83' lang='lat' dir='ltr'><strong>tem</strong></span> <span class='ocrx_word' id='word_1_47' title='bbox 692 999 977 1088; x_wconf 85' lang='lat' dir='ltr'><strong>judiciali</strong></span> <span class='ocrx_word' id='word_1_48' title='bbox 1018 1001 1326 1066; x_wconf 87' lang='lat' dir='ltr'><strong>sententia</strong></span> <span class='ocrx_word' id='word_1_49' title='bbox 1381 1000 1486 1066; x_wconf 84' lang='lat' dir='ltr'><strong>hae</strong></span> <span class='ocrx_word' id='word_1_50' title='bbox 1526 1012 1676 1065; x_wconf 84' lang='lat' dir='ltr'><strong>sunt</strong></span> <span class='ocrx_word' id='word_1_51' title='bbox 1723 998 2063 1086; x_wconf 88' lang='lat' dir='ltr'><strong>judicantis</strong></span> <span class='ocrx_word' id='word_1_52' title='bbox 2095 1010 2306 1091; x_wconf 83' lang='lat' dir='ltr'><strong>partes</strong></span> <span class='ocrx_word' id='word_1_53' title='bbox 2331 1049 2348 1078; x_wconf 88' lang='lat'><strong>,</strong></span> <span class='ocrx_word' id='word_1_54' title='bbox 2398 1009 2471 1063; x_wconf 91' lang='lat' dir='ltr'><strong>ut</strong></span> <span class='ocrx_word' id='word_1_55' title='bbox 2495 1000 2635 1096; x_wconf 67' lang='lat' dir='ltr'><strong>jus,-</strong></span> 
     </span>
    </p>
   </div>
   <div class='ocr_carea' id='block_1_3' title="bbox 401 1113 2620 1208">
    <p class='ocr_par' dir='ltr' id='par_1_3' title="bbox 401 1113 2620 1208">
     <span class='ocr_line' id='line_1_8' title="bbox 401 1113 2620 1208; baseline -0.005 -23"><span class='ocrx_word' id='word_1_56' title='bbox 401 1144 406 1152; x_wconf 89' lang='lat'>·</span> <span class='ocrx_word' id='word_1_57' title='bbox 471 1113 681 1208; x_wconf 26' lang='lat' dir='ltr'><strong>*quod</strong></span> <span class='ocrx_word' id='word_1_58' title='bbox 720 1116 891 1181; x_wconf 88' lang='lat' dir='ltr'><strong>inter</strong></span> <span class='ocrx_word' id='word_1_59' title='bbox 925 1113 1246 1205; x_wconf 87' lang='lat' dir='ltr'><strong>litigantes</strong></span> <span class='ocrx_word' id='word_1_60' title='bbox 1293 1139 1421 1180; x_wconf 90' lang='lat' dir='ltr'><strong>esse</strong></span> <span class='ocrx_word' id='word_1_61' title='bbox 1449 1166 1464 1194; x_wconf 90' lang='lat'>‚</span> <span class='ocrx_word' id='word_1_62' title='bbox 1521 1139 1705 1181; x_wconf 84' lang='lat' dir='ltr'><strong>causa</strong></span> <span class='ocrx_word' id='word_1_63' title='bbox 1744 1116 2154 1193; x_wconf 81' lang='lat' dir='ltr'><strong>examinata,</strong></span> <span class='ocrx_word' id='word_1_64' title='bbox 2197 1113 2620 1203; x_wconf 73' lang='lat' dir='ltr'><strong>cognoverit,</strong></span> 
     </span>
    </p>
   </div>
   <div class='ocr_carea' id='block_1_4' title="bbox 500 1227 2665 2818">
    <p class='ocr_par' dir='ltr' id='par_1_4' title="bbox 501 1227 2632 1665">
     <span class='ocr_line' id='line_1_9' title="bbox 504 1227 2626 1320; baseline -0.001 -25"><span class='ocrx_word' id='word_1_65' title='bbox 504 1227 833 1312; x_wconf 81' lang='lat' dir='ltr'><strong>declaret3</strong></span> <span class='ocrx_word' id='word_1_66' title='bbox 875 1253 1082 1320; x_wconf 90' lang='lat' dir='ltr'><strong>neque</strong></span> <span class='ocrx_word' id='word_1_67' title='bbox 1128 1242 1201 1295; x_wconf 91' lang='lat' dir='ltr'><strong>ut</strong></span> <span class='ocrx_word' id='word_1_68' title='bbox 1238 1232 1337 1317; x_wconf 90' lang='lat' dir='ltr'><strong>jus</strong></span> <span class='ocrx_word' id='word_1_69' title='bbox 1378 1227 1640 1294; x_wconf 89' lang='lat' dir='ltr'><strong>demum</strong></span> <span class='ocrx_word' id='word_1_70' title='bbox 1685 1231 1854 1294; x_wconf 89' lang='lat' dir='ltr'><strong>inter</strong></span> <span class='ocrx_word' id='word_1_71' title='bbox 1903 1227 2042 1294; x_wconf 80' lang='lat' dir='ltr'><strong>illos</strong></span> <span class='ocrx_word' id='word_1_72' title='bbox 2091 1229 2436 1295; x_wconf 88' lang='lat' dir='ltr'><strong>constituat</strong></span> <span class='ocrx_word' id='word_1_73' title='bbox 2485 1231 2626 1308; x_wconf 88' lang='lat'><strong>(2).</strong></span> 
     </span>
     <span class='ocr_line' id='line_1_10' title="bbox 504 1340 2632 1434; baseline -0.004 -22"><span class='ocrx_word' id='word_1_74' title='bbox 504 1343 674 1412; x_wconf 89' lang='lat' dir='ltr'><strong>Sunt</strong></span> <span class='ocrx_word' id='word_1_75' title='bbox 707 1357 924 1411; x_wconf 88' lang='lat' dir='ltr'><strong>tamen</strong></span> <span class='ocrx_word' id='word_1_76' title='bbox 965 1367 1140 1410; x_wconf 85' lang='lat' dir='ltr'><strong>casus</strong></span> <span class='ocrx_word' id='word_1_77' title='bbox 1167 1395 1184 1422; x_wconf 87' lang='lat'>‚</span> <span class='ocrx_word' id='word_1_78' title='bbox 1233 1345 1304 1410; x_wconf 87' lang='lat' dir='ltr'><strong>in</strong></span> <span class='ocrx_word' id='word_1_79' title='bbox 1350 1344 1583 1434; x_wconf 89' lang='lat' dir='ltr'><strong>quibus</strong></span> <span class='ocrx_word' id='word_1_80' title='bbox 1626 1342 1855 1431; x_wconf 84' lang='lat' dir='ltr'><strong>judicis</strong></span> <span class='ocrx_word' id='word_1_81' title='bbox 1901 1342 2212 1408; x_wconf 90' lang='lat' dir='ltr'><strong>sententia</strong></span> <span class='ocrx_word' id='word_1_82' title='bbox 2260 1345 2404 1429; x_wconf 87' lang='lat' dir='ltr'><strong>jura</strong></span> <span class='ocrx_word' id='word_1_83' title='bbox 2442 1340 2632 1406; x_wconf 83' lang='lat' dir='ltr'><strong>cons-</strong></span> 
     </span>
     <span class='ocr_line' id='line_1_11' title="bbox 504 1457 2628 1547; baseline -0.004 -20"><span class='ocrx_word' id='word_1_84' title='bbox 504 1460 710 1538; x_wconf 84' lang='lat' dir='ltr'><strong>tituit,</strong></span> <span class='ocrx_word' id='word_1_85' title='bbox 749 1458 944 1526; x_wconf 86' lang='lat' dir='ltr'><strong>veluti</strong></span> <span class='ocrx_word' id='word_1_86' title='bbox 970 1457 1446 1547; x_wconf 77' lang='lat' dir='ltr'><strong>adjudicatione</strong></span> <span class='ocrx_word' id='word_1_87' title='bbox 1474 1457 1814 1545; x_wconf 86' lang='lat' dir='ltr'><strong>injudieiis</strong></span> <span class='ocrx_word' id='word_1_88' title='bbox 1844 1457 2188 1535; x_wconf 73' lang='lat' dir='ltr'><strong>divisorii3‚</strong></span> <span class='ocrx_word' id='word_1_89' title='bbox 2211 1458 2628 1546; x_wconf 79' lang='lat' dir='ltr'><strong>inintegrum</strong></span> 
     </span>
     <span class='ocr_line' id='line_1_12' title="bbox 501 1568 2626 1665; baseline -0.003 -24"><span class='ocrx_word' id='word_1_90' title='bbox 501 1574 1015 1641; x_wconf 80' lang='lat' dir='ltr'><strong>restitutionibus</strong></span> <span class='ocrx_word' id='word_1_91' title='bbox 1042 1571 1144 1640; x_wconf 87' lang='lat' dir='ltr'><strong>vel</strong></span> <span class='ocrx_word' id='word_1_92' title='bbox 1174 1574 1244 1638; x_wconf 90' lang='lat' dir='ltr'><strong>in</strong></span> <span class='ocrx_word' id='word_1_93' title='bbox 1271 1575 1719 1665; x_wconf 88' lang='lat' dir='ltr'><strong>possessionem</strong></span> <span class='ocrx_word' id='word_1_94' title='bbox 1755 1573 2155 1639; x_wconf 88' lang='lat' dir='ltr'><strong>missionibus</strong></span> <span class='ocrx_word' id='word_1_95' title='bbox 2184 1568 2626 1649; x_wconf 58' lang='lat' dir='ltr'><strong>concedendis</strong></span> 
     </span>
    </p>

    <p class='ocr_par' dir='ltr' id='par_1_5' title="bbox 500 1682 2665 2244">
     <span class='ocr_line' id='line_1_13' title="bbox 605 1682 2665 1778; baseline -0.005 -21"><span class='ocrx_word' id='word_1_96' title='bbox 605 1687 753 1778; x_wconf 85' lang='lat'><strong>195.</strong></span> <span class='ocrx_word' id='word_1_97' title='bbox 780 1685 1049 1753; x_wconf 80' lang='lat' dir='ltr'><strong>Nullam</strong></span> <span class='ocrx_word' id='word_1_98' title='bbox 1078 1700 1293 1753; x_wconf 90' lang='lat' dir='ltr'><strong>autem</strong></span> <span class='ocrx_word' id='word_1_99' title='bbox 1320 1682 1765 1754; x_wconf 84' lang='lat' dir='ltr'><strong>auctoritatem</strong></span> <span class='ocrx_word' id='word_1_100' title='bbox 1792 1685 2123 1778; x_wconf 88' lang='lat' dir='ltr'><strong>nullosque</strong></span> <span class='ocrx_word' id='word_1_101' title='bbox 2150 1687 2406 1752; x_wconf 79' lang='lat' dir='ltr'><strong>effectus</strong></span> <span class='ocrx_word' id='word_1_102' title='bbox 2430 1683 2629 1749; x_wconf 83' lang='lat' dir='ltr'><strong>habet</strong></span> <span class='ocrx_word' id='word_1_103' title='bbox 2662 1738 2665 1745; x_wconf 72' lang='grc'>,</span> 
     </span>
     <span class='ocr_line' id='line_1_14' title="bbox 500 1801 2629 1896; baseline -0.003 -23"><span class='ocrx_word' id='word_1_104' title='bbox 500 1805 810 1894; x_wconf 82' lang='lat' dir='ltr'><strong>judicialis</strong></span> <span class='ocrx_word' id='word_1_105' title='bbox 846 1808 1155 1874; x_wconf 82' lang='lat' dir='ltr'><strong>sententia</strong></span> <span class='ocrx_word' id='word_1_106' title='bbox 1178 1859 1193 1887; x_wconf 92' lang='lat'>‚</span> <span class='ocrx_word' id='word_1_107' title='bbox 1235 1808 1356 1873; x_wconf 90' lang='lat' dir='ltr'><strong>nisi</strong></span> <span class='ocrx_word' id='word_1_108' title='bbox 1390 1808 1456 1873; x_wconf 85' lang='lat' dir='ltr'><strong>vi</strong></span> <span class='ocrx_word' id='word_1_109' title='bbox 1497 1808 1591 1871; x_wconf 87' lang='lat' dir='ltr'><strong>rei</strong></span> <span class='ocrx_word' id='word_1_110' title='bbox 1627 1803 1925 1894; x_wconf 84' lang='lat' dir='ltr'><strong>judicatae</strong></span> <span class='ocrx_word' id='word_1_111' title='bbox 1955 1806 2217 1875; x_wconf 27' lang='lat' dir='ltr'><strong>munita.</strong></span> <span class='ocrx_word' id='word_1_112' title='bbox 2240 1806 2338 1869; x_wconf 88' lang='lat' dir='ltr'><strong>sit.</strong></span> <span class='ocrx_word' id='word_1_113' title='bbox 2380 1801 2629 1896; x_wconf 84' lang='lat' dir='ltr'><strong>Appel-</strong></span> 
     </span>
     <span class='ocr_line' id='line_1_15' title="bbox 501 1917 2626 2010; baseline -0.002 -23"><span class='ocrx_word' id='word_1_114' title='bbox 501 1922 671 1988; x_wconf 89' lang='lat' dir='ltr'><strong>latur</strong></span> <span class='ocrx_word' id='word_1_115' title='bbox 697 1946 795 1988; x_wconf 90' lang='lat' dir='ltr'><strong>res</strong></span> <span class='ocrx_word' id='word_1_116' title='bbox 824 1922 1100 2010; x_wconf 85' lang='lat' dir='ltr'><strong>judicata</strong></span> <span class='ocrx_word' id='word_1_117' title='bbox 1126 1923 1571 1990; x_wconf 58' lang='lat' dir='ltr'><strong>controversiae</strong></span> <span class='ocrx_word' id='word_1_118' title='bbox 1594 1920 1826 1987; x_wconf 88' lang='lat' dir='ltr'><strong>decisio</strong></span> <span class='ocrx_word' id='word_1_119' title='bbox 1846 1969 1865 2000; x_wconf 93' lang='lat'>‚</span> <span class='ocrx_word' id='word_1_120' title='bbox 1888 1917 2313 1988; x_wconf 86' lang='lat' dir='ltr'><strong>irrevocabilis</strong></span> <span class='ocrx_word' id='word_1_121' title='bbox 2326 1917 2489 1983; x_wconf 86' lang='lat' dir='ltr'><strong>facta</strong></span> <span class='ocrx_word' id='word_1_122' title='bbox 2511 1919 2626 2001; x_wconf 82' lang='lat'>(3)-</span> 
     </span>
     <span class='ocr_line' id='line_1_16' title="bbox 500 2031 2630 2128; baseline -0.003 -25"><span class='ocrx_word' id='word_1_123' title='bbox 500 2037 610 2103; x_wconf 67' lang='lat' dir='ltr'><strong>Ur</strong></span> <span class='ocrx_word' id='word_1_124' title='bbox 642 2038 873 2103; x_wconf 86' lang='lat' dir='ltr'><strong>habeat</strong></span> <span class='ocrx_word' id='word_1_125' title='bbox 910 2037 1079 2104; x_wconf 89' lang='lat' dir='ltr'><strong>hanc</strong></span> <span class='ocrx_word' id='word_1_126' title='bbox 1106 2038 1240 2105; x_wconf 86' lang='lat' dir='ltr'><strong>vim</strong></span> <span class='ocrx_word' id='word_1_127' title='bbox 1260 2034 1474 2128; x_wconf 84' lang='lat' dir='ltr'><strong>aliqua</strong></span> <span class='ocrx_word' id='word_1_128' title='bbox 1497 2037 1809 2103; x_wconf 87' lang='lat' dir='ltr'><strong>sententia</strong></span> <span class='ocrx_word' id='word_1_129' title='bbox 1830 2087 1846 2115; x_wconf 92' lang='lat'><strong>,</strong></span> <span class='ocrx_word' id='word_1_130' title='bbox 1878 2048 2209 2126; x_wconf 84' lang='lat' dir='ltr'><strong>sequentes</strong></span> <span class='ocrx_word' id='word_1_131' title='bbox 2229 2031 2630 2100; x_wconf 80' lang='lat' dir='ltr'><strong>conditiones</strong></span> 
     </span>
     <span class='ocr_line' id='line_1_17' title="bbox 502 2164 1253 2244; baseline -0.003 -26"><span class='ocrx_word' id='word_1_132' title='bbox 502 2165 887 2218; x_wconf 82' lang='lat' dir='ltr'><strong>concurrant</strong></span> <span class='ocrx_word' id='word_1_133' title='bbox 926 2164 1184 2244; x_wconf 86' lang='lat' dir='ltr'><strong>oportet</strong></span> <span class='ocrx_word' id='word_1_134' title='bbox 1235 2178 1253 2216; x_wconf 74' lang='grc' dir='ltr'><strong><em>ε</em></strong></span> 
     </span>
    </p>

    <p class='ocr_par' dir='ltr' id='par_1_6' title="bbox 502 2261 2632 2818">
     <span class='ocr_line' id='line_1_18' title="bbox 588 2261 2621 2355; baseline -0.003 -23"><span class='ocrx_word' id='word_1_135' title='bbox 588 2288 651 2332; x_wconf 83' lang='lat' dir='ltr'><strong>a.</strong></span> <span class='ocrx_word' id='word_1_136' title='bbox 693 2267 901 2333; x_wconf 86' lang='lat' dir='ltr'><strong>Debet</strong></span> <span class='ocrx_word' id='word_1_137' title='bbox 944 2267 1257 2332; x_wconf 87' lang='lat' dir='ltr'><strong>sententia</strong></span> <span class='ocrx_word' id='word_1_138' title='bbox 1305 2289 1433 2332; x_wconf 88' lang='lat' dir='ltr'><strong>esse</strong></span> <span class='ocrx_word' id='word_1_139' title='bbox 1481 2263 1608 2331; x_wconf 88' lang='lat' dir='ltr'><strong>lata</strong></span> <span class='ocrx_word' id='word_1_140' title='bbox 1656 2289 1694 2331; x_wconf 86' lang='lat' dir='ltr'><strong>a</strong></span> <span class='ocrx_word' id='word_1_141' title='bbox 1736 2264 1947 2352; x_wconf 85' lang='lat' dir='ltr'><strong>judice</strong></span> <span class='ocrx_word' id='word_1_142' title='bbox 1984 2274 2380 2355; x_wconf 79' lang='lat' dir='ltr'><strong>competente</strong></span> <span class='ocrx_word' id='word_1_143' title='bbox 2405 2313 2422 2342; x_wconf 85' lang='lat'><strong>,</strong></span> <span class='ocrx_word' id='word_1_144' title='bbox 2473 2261 2524 2325; x_wconf 86' lang='lat' dir='ltr'><strong>i.</strong></span> <span class='ocrx_word' id='word_1_145' title='bbox 2556 2285 2621 2326; x_wconf 88' lang='lat' dir='ltr'><strong>e.</strong></span> 
     </span>
     <span class='ocr_line' id='line_1_19' title="bbox 503 2375 2632 2478; baseline -0.004 -30"><span class='ocrx_word' id='word_1_146' title='bbox 503 2382 706 2478; x_wconf 81' lang='lat' dir='ltr'><strong>ab,eo</strong></span> <span class='ocrx_word' id='word_1_147' title='bbox 730 2433 747 2459; x_wconf 89' lang='lat'>‚</span> <span class='ocrx_word' id='word_1_148' title='bbox 794 2383 906 2474; x_wconf 80' lang='lat' dir='ltr'><strong>qui</strong></span> <span class='ocrx_word' id='word_1_149' title='bbox 947 2379 1457 2469; x_wconf 83' lang='lat' dir='ltr'><strong>jurisdictionem</strong></span> <span class='ocrx_word' id='word_1_150' title='bbox 1486 2379 1720 2446; x_wconf 87' lang='lat' dir='ltr'><strong>habuit</strong></span> <span class='ocrx_word' id='word_1_151' title='bbox 1766 2379 1844 2447; x_wconf 92' lang='lat' dir='ltr'><strong>de</strong></span> <span class='ocrx_word' id='word_1_152' title='bbox 1893 2381 2176 2473; x_wconf 90' lang='lat' dir='ltr'><strong>personis</strong></span> <span class='ocrx_word' id='word_1_153' title='bbox 2213 2375 2632 2473; x_wconf 82' lang='lat' dir='ltr'><strong>litigantibus</strong></span> 
     </span>
     <span class='ocr_line' id='line_1_20' title="bbox 502 2491 2623 2587; baseline -0.004 -24"><span class='ocrx_word' id='word_1_154' title='bbox 502 2509 568 2563; x_wconf 90' lang='lat' dir='ltr'><strong>et</strong></span> <span class='ocrx_word' id='word_1_155' title='bbox 625 2496 704 2562; x_wconf 90' lang='lat' dir='ltr'><strong>de</strong></span> <span class='ocrx_word' id='word_1_156' title='bbox 765 2521 949 2562; x_wconf 87' lang='lat' dir='ltr'><strong>causa</strong></span> <span class='ocrx_word' id='word_1_157' title='bbox 1018 2494 1141 2581; x_wconf 73' lang='grc'>(4).</span> <span class='ocrx_word' id='word_1_158' title='bbox 1203 2496 1323 2563; x_wconf 87' lang='lat' dir='ltr'><strong>Est</strong></span> <span class='ocrx_word' id='word_1_159' title='bbox 1376 2508 1595 2561; x_wconf 88' lang='lat' dir='ltr'><strong>tamen</strong></span> <span class='ocrx_word' id='word_1_160' title='bbox 1657 2508 2025 2587; x_wconf 88' lang='lat' dir='ltr'><strong>competens</strong></span> <span class='ocrx_word' id='word_1_161' title='bbox 2079 2491 2276 2582; x_wconf 79' lang='lat' dir='ltr'><strong>judex</strong></span> <span class='ocrx_word' id='word_1_162' title='bbox 2336 2492 2623 2583; x_wconf 84' lang='lat' dir='ltr'><strong>partium</strong></span> 
     </span>
     <span class='ocr_line' id='line_1_21' title="bbox 502 2601 2624 2699; baseline -0.005 -22"><span class='ocrx_word' id='word_1_163' title='bbox 502 2613 924 2678; x_wconf 80' lang='lat' dir='ltr'><strong>conventione</strong></span> <span class='ocrx_word' id='word_1_164' title='bbox 953 2608 1189 2676; x_wconf 89' lang='lat' dir='ltr'><strong>electus</strong></span> <span class='ocrx_word' id='word_1_165' title='bbox 1214 2610 1282 2674; x_wconf 95' lang='lat' dir='ltr'><strong>in</strong></span> <span class='ocrx_word' id='word_1_166' title='bbox 1322 2633 1520 2699; x_wconf 88' lang='lat' dir='ltr'><strong>quem</strong></span> <span class='ocrx_word' id='word_1_167' title='bbox 1552 2607 1910 2695; x_wconf 79' lang='lat' dir='ltr'><strong>jurisdictio</strong></span> <span class='ocrx_word' id='word_1_168' title='bbox 1938 2618 2284 2699; x_wconf 84' lang='lat' dir='ltr'><strong>prorogata</strong></span> <span class='ocrx_word' id='word_1_169' title='bbox 2322 2617 2457 2670; x_wconf 87' lang='lat' dir='ltr'><strong>erat</strong></span> <span class='ocrx_word' id='word_1_170' title='bbox 2485 2601 2624 2687; x_wconf 87' lang='lat'><strong>(5).</strong></span> 
     </span>
     <span class='ocr_line' id='line_1_22' title="bbox 515 2718 2623 2818; baseline -0.003 -28"><span class='ocrx_word' id='word_1_171' title='bbox 515 2809 518 2818; x_wconf 30' lang='grc' dir='ltr'>Ι</span> <span class='ocrx_word' id='word_1_172' title='bbox 594 2725 663 2791; x_wconf 87' lang='lat' dir='ltr'><strong>b.</strong></span> <span class='ocrx_word' id='word_1_173' title='bbox 721 2728 881 2794; x_wconf 87' lang='lat' dir='ltr'><strong>Lata</strong></span> <span class='ocrx_word' id='word_1_174' title='bbox 950 2737 1146 2817; x_wconf 80' lang='lat' dir='ltr'><strong>atque</strong></span> <span class='ocrx_word' id='word_1_175' title='bbox 1199 2725 1613 2817; x_wconf 86' lang='lat' dir='ltr'><strong>pronuntiata</strong></span> <span class='ocrx_word' id='word_1_176' title='bbox 1671 2747 1797 2789; x_wconf 89' lang='lat' dir='ltr'><strong>esse</strong></span> <span class='ocrx_word' id='word_1_177' title='bbox 1856 2722 2044 2789; x_wconf 91' lang='lat' dir='ltr'><strong>debet</strong></span> <span class='ocrx_word' id='word_1_178' title='bbox 2114 2723 2423 2787; x_wconf 84' lang='lat' dir='ltr'><strong>sententia</strong></span> <span class='ocrx_word' id='word_1_179' title='bbox 2498 2718 2623 2783; x_wconf 84' lang='lat' dir='ltr'><strong>rite</strong></span> 
     </span>
    </p>
   </div>
   <div class='ocr_carea' id='block_1_5' title="bbox 514 2882 2613 2912">
    <p class='ocr_par' dir='ltr' id='par_1_7' title="bbox 514 2882 2613 2912">
     <span class='ocr_line' id='line_1_23' title="bbox 514 2882 2613 2912; baseline 0 1866"><span class='ocrx_word' id='word_1_180' title='bbox 514 2882 2613 2912; x_wconf 95' lang='lat' dir='ltr'><strong> </strong></span> 
     </span>
    </p>
   </div>
   <div class='ocr_carea' id='block_1_6' title="bbox 505 2988 2627 3522">
    <p class='ocr_par' dir='ltr' id='par_1_8' title="bbox 505 2988 2623 3203">
     <span class='ocr_line' id='line_1_24' title="bbox 588 2988 2623 3097; baseline -0.005 -22"><span class='ocrx_word' id='word_1_181' title='bbox 588 3016 696 3097; x_wconf 85' lang='grc' dir='ltr'><strong>(ι)</strong></span> <span class='ocrx_word' id='word_1_182' title='bbox 738 3014 892 3075; x_wconf 89' lang='lat' dir='ltr'><strong>Cod.</strong></span> <span class='ocrx_word' id='word_1_183' title='bbox 933 3035 1008 3097; x_wconf 88' lang='lat'><strong>7,</strong></span> <span class='ocrx_word' id='word_1_184' title='bbox 1050 3011 1128 3092; x_wconf 77' lang='grc'><strong>45</strong></span> <span class='ocrx_word' id='word_1_185' title='bbox 1151 3059 1165 3085; x_wconf 89' lang='grc'>,</span> <span class='ocrx_word' id='word_1_186' title='bbox 1219 3012 1339 3091; x_wconf 90' lang='lat' dir='ltr'><strong>(de</strong></span> <span class='ocrx_word' id='word_1_187' title='bbox 1378 2988 1704 3072; x_wconf 86' lang='lat' dir='ltr'><strong>sententiis</strong></span> <span class='ocrx_word' id='word_1_188' title='bbox 1740 3020 1804 3071; x_wconf 83' lang='lat' dir='ltr'><strong>et</strong></span> <span class='ocrx_word' id='word_1_189' title='bbox 1839 3006 2441 3073; x_wconf 82' lang='lat' dir='ltr'><strong>interlocutionibus</strong></span> <span class='ocrx_word' id='word_1_190' title='bbox 2477 3026 2623 3067; x_wconf 87' lang='lat' dir='ltr'><strong>om-</strong></span> 
     </span>
     <span class='ocr_line' id='line_1_25' title="bbox 505 3105 2463 3203; baseline -0.005 -19"><span class='ocrx_word' id='word_1_191' title='bbox 505 3124 677 3184; x_wconf 89' lang='lat' dir='ltr'><strong>nium</strong></span> <span class='ocrx_word' id='word_1_192' title='bbox 712 3120 981 3203; x_wconf 85' lang='lat' dir='ltr'><strong>judicum</strong></span> <span class='ocrx_word' id='word_1_193' title='bbox 1006 3125 1078 3198; x_wconf 80' lang='lat'><strong>);</strong></span> <span class='ocrx_word' id='word_1_194' title='bbox 1124 3118 1165 3178; x_wconf 92' lang='lat' dir='ltr'><strong>l.</strong></span> <span class='ocrx_word' id='word_1_195' title='bbox 1213 3120 1291 3195; x_wconf 83' lang='lat'><strong>3,</strong></span> <span class='ocrx_word' id='word_1_196' title='bbox 1338 3117 1403 3179; x_wconf 95' lang='lat' dir='ltr'><strong>h.</strong></span> <span class='ocrx_word' id='word_1_197' title='bbox 1455 3129 1502 3180; x_wconf 90' lang='lat' dir='ltr'><strong>t.</strong></span> <span class='ocrx_word' id='word_1_198' title='bbox 2452 3105 2463 3116; x_wconf 59' lang='lat'>⁸</span> 
     </span>
    </p>

    <p class='ocr_par' dir='ltr' id='par_1_9' title="bbox 507 3221 2627 3508">
     <span class='ocr_line' id='line_1_26' title="bbox 588 3221 2624 3310; baseline -0.005 -20"><span class='ocrx_word' id='word_1_199' title='bbox 588 3234 694 3310; x_wconf 83' lang='lat'><strong>(2)</strong></span> <span class='ocrx_word' id='word_1_200' title='bbox 740 3232 811 3290; x_wconf 85' lang='lat' dir='ltr'><strong>L.</strong></span> <span class='ocrx_word' id='word_1_201' title='bbox 864 3227 941 3306; x_wconf 86' lang='lat'><strong>8,</strong></span> <span class='ocrx_word' id='word_1_202' title='bbox 1000 3224 1108 3309; x_wconf 71' lang='lat'><strong>§4</strong></span> <span class='ocrx_word' id='word_1_203' title='bbox 1153 3274 1170 3304; x_wconf 83' lang='lat'><strong>,</strong></span> <span class='ocrx_word' id='word_1_204' title='bbox 1211 3227 1291 3286; x_wconf 89' lang='lat' dir='ltr'><strong>D.</strong></span> <span class='ocrx_word' id='word_1_205' title='bbox 1343 3224 1383 3287; x_wconf 86' lang='lat'>8</span> <span class='ocrx_word' id='word_1_206' title='bbox 1420 3273 1443 3299; x_wconf 93' lang='lat'><em>,</em></span> <span class='ocrx_word' id='word_1_207' title='bbox 1491 3224 1572 3301; x_wconf 86' lang='lat'><strong>5,</strong></span> <span class='ocrx_word' id='word_1_208' title='bbox 1605 3226 1711 3304; x_wconf 91' lang='lat' dir='ltr'><strong>(si</strong></span> <span class='ocrx_word' id='word_1_209' title='bbox 1739 3228 2006 3286; x_wconf 84' lang='lat' dir='ltr'><strong>servitus</strong></span> <span class='ocrx_word' id='word_1_210' title='bbox 2032 3223 2364 3302; x_wconf 83' lang='lat' dir='ltr'><strong>vindic.);</strong></span> <span class='ocrx_word' id='word_1_211' title='bbox 2420 3249 2447 3277; x_wconf 68' lang='grc' dir='ltr'><strong>ιι</strong></span> <span class='ocrx_word' id='word_1_212' title='bbox 2498 3221 2624 3281; x_wconf 78' lang='lat' dir='ltr'><strong>Per</strong></span> 
     </span>
     <span class='ocr_line' id='line_1_27' title="bbox 508 3332 2627 3418; baseline -0.004 -17"><span class='ocrx_word' id='word_1_213' title='bbox 508 3340 879 3401; x_wconf 85' lang='lat' dir='ltr'><strong>sententiam</strong></span> <span class='ocrx_word' id='word_1_214' title='bbox 919 3359 1045 3399; x_wconf 89' lang='lat' dir='ltr'><strong>non</strong></span> <span class='ocrx_word' id='word_1_215' title='bbox 1080 3336 1266 3397; x_wconf 90' lang='lat' dir='ltr'><strong>debet</strong></span> <span class='ocrx_word' id='word_1_216' title='bbox 1305 3337 1573 3399; x_wconf 86' lang='lat' dir='ltr'><strong>servitus</strong></span> <span class='ocrx_word' id='word_1_217' title='bbox 1610 3336 1786 3418; x_wconf 83' lang='lat' dir='ltr'><strong>(jus)</strong></span> <span class='ocrx_word' id='word_1_218' title='bbox 1824 3334 2164 3409; x_wconf 85' lang='lat' dir='ltr'><strong>constitui,</strong></span> <span class='ocrx_word' id='word_1_219' title='bbox 2213 3332 2318 3418; x_wconf 87' lang='lat' dir='ltr'><strong>sed</strong></span> <span class='ocrx_word' id='word_1_220' title='bbox 2357 3352 2491 3415; x_wconf 78' lang='lat' dir='ltr'><strong>quae</strong></span> <span class='ocrx_word' id='word_1_221' title='bbox 2533 3339 2627 3392; x_wconf 86' lang='lat' dir='ltr'><strong>est</strong></span> 
     </span>
     <span class='ocr_line' id='line_1_28' title="bbox 507 3446 946 3522; baseline -0.022 -14"><span class='ocrx_word' id='word_1_222' title='bbox 507 3446 829 3508; x_wconf 86' lang='lat' dir='ltr'><strong>declarari.</strong></span> <span class='ocrx_word' id='word_1_223' title='bbox 886 3472 946 3522; x_wconf 67' lang='lat'><strong>&#39;‘-</strong></span> 
     </span>
    </p>
   </div>
   <div class='ocr_carea' id='block_1_7' title="bbox 500 3547 2622 4169">
    <p class='ocr_par' dir='ltr' id='par_1_10' title="bbox 500 3547 2622 4061">
     <span class='ocr_line' id='line_1_29' title="bbox 588 3547 1592 3633; baseline -0.006 -18"><span class='ocrx_word' id='word_1_224' title='bbox 588 3555 836 3633; x_wconf 83' lang='lat' dir='ltr'><strong>(3)1ta</strong></span> <span class='ocrx_word' id='word_1_225' title='bbox 883 3551 1126 3612; x_wconf 86' lang='lat' dir='ltr'><strong>fereL.</strong></span> <span class='ocrx_word' id='word_1_226' title='bbox 1179 3571 1255 3626; x_wconf 85' lang='lat'><strong>1,</strong></span> <span class='ocrx_word' id='word_1_227' title='bbox 1301 3551 1383 3611; x_wconf 87' lang='lat' dir='ltr'><strong>D.</strong></span> <span class='ocrx_word' id='word_1_228' title='bbox 1427 3547 1499 3609; x_wconf 84' lang='lat' dir='ltr'><strong>h.</strong></span> <span class='ocrx_word' id='word_1_229' title='bbox 1543 3559 1592 3609; x_wconf 88' lang='lat' dir='ltr'><strong>t.</strong></span> 
     </span>
     <span class='ocr_line' id='line_1_30' title="bbox 500 3647 2616 3742; baseline -0.007 -22"><span class='ocrx_word' id='word_1_230' title='bbox 500 3661 507 3670; x_wconf 86' lang='lat'><em>&#39;</em></span> <span class='ocrx_word' id='word_1_231' title='bbox 595 3660 703 3742; x_wconf 71' lang='grc'><strong>(4)</strong></span> <span class='ocrx_word' id='word_1_232' title='bbox 746 3661 817 3720; x_wconf 92' lang='lat' dir='ltr'><strong>L.</strong></span> <span class='ocrx_word' id='word_1_233' title='bbox 862 3679 976 3735; x_wconf 85' lang='lat'><strong>20,</strong></span> <span class='ocrx_word' id='word_1_234' title='bbox 1008 3660 1084 3718; x_wconf 92' lang='lat' dir='ltr'><strong>D.</strong></span> <span class='ocrx_word' id='word_1_235' title='bbox 1126 3678 1206 3732; x_wconf 82' lang='lat'><strong>2,</strong></span> <span class='ocrx_word' id='word_1_236' title='bbox 1228 3678 1269 3717; x_wconf 85' lang='lat'>1</span> <span class='ocrx_word' id='word_1_237' title='bbox 1311 3656 1508 3733; x_wconf 84' lang='lat' dir='ltr'><strong>(de</strong></span> <span class='ocrx_word' id='word_1_238' title='bbox 1539 3651 2126 3735; x_wconf 65' lang='lat' dir='ltr'><strong>Juusdnctmne),l</strong></span> <span class='ocrx_word' id='word_1_239' title='bbox 2162 3672 2376 3735; x_wconf 81' lang='lat' dir='ltr'><strong>7pr·.</strong></span> <span class='ocrx_word' id='word_1_240' title='bbox 2408 3647 2454 3708; x_wconf 91' lang='lat' dir='ltr'><strong>l.</strong></span> <span class='ocrx_word' id='word_1_241' title='bbox 2497 3670 2616 3723; x_wconf 87' lang='lat'><strong>11,</strong></span> 
     </span>
     <span class='ocr_line' id='line_1_31' title="bbox 506 3756 2621 3844; baseline -0.007 -15"><span class='ocrx_word' id='word_1_242' title='bbox 506 3769 585 3829; x_wconf 90' lang='lat' dir='ltr'><strong>D.</strong></span> <span class='ocrx_word' id='word_1_243' title='bbox 619 3790 702 3842; x_wconf 69' lang='grc' dir='ltr'><strong>α,</strong></span> <span class='ocrx_word' id='word_1_244' title='bbox 754 3764 879 3841; x_wconf 84' lang='lat'><strong>15,</strong></span> <span class='ocrx_word' id='word_1_245' title='bbox 952 3765 1118 3844; x_wconf 90' lang='lat' dir='ltr'><strong>(de</strong></span> <span class='ocrx_word' id='word_1_246' title='bbox 1129 3763 1530 3842; x_wconf 82' lang='lat' dir='ltr'><strong>transaction.</strong></span> <span class='ocrx_word' id='word_1_247' title='bbox 1542 3760 1615 3838; x_wconf 76' lang='lat'><strong>&gt;3</strong></span> <span class='ocrx_word' id='word_1_248' title='bbox 1656 3760 1809 3820; x_wconf 88' lang='lat' dir='ltr'><strong>Cod.</strong></span> <span class='ocrx_word' id='word_1_249' title='bbox 1871 3762 1968 3820; x_wconf 87' lang='lat' dir='ltr'><strong>tit.</strong></span> <span class='ocrx_word' id='word_1_250' title='bbox 2010 3782 2097 3842; x_wconf 83' lang='lat'><strong>7,</strong></span> <span class='ocrx_word' id='word_1_251' title='bbox 2148 3756 2276 3835; x_wconf 74' lang='grc'><strong>48,</strong></span> <span class='ocrx_word' id='word_1_252' title='bbox 2303 3756 2387 3833; x_wconf 87' lang='lat' dir='ltr'><strong>(si</strong></span> <span class='ocrx_word' id='word_1_253' title='bbox 2426 3774 2621 3814; x_wconf 86' lang='lat' dir='ltr'><strong>anon</strong></span> 
     </span>
     <span class='ocr_line' id='line_1_32' title="bbox 508 3833 2622 3957; baseline -0.006 -22"><span class='ocrx_word' id='word_1_254' title='bbox 508 3833 902 3956; x_wconf 80' lang='lat' dir='ltr'><strong>competente</strong></span> <span class='ocrx_word' id='word_1_255' title='bbox 941 3872 1143 3957; x_wconf 84' lang='lat' dir='ltr'><strong>judice</strong></span> <span class='ocrx_word' id='word_1_256' title='bbox 1166 3876 1218 3947; x_wconf 87' lang='lat'><strong>).</strong></span> <span class='ocrx_word' id='word_1_257' title='bbox 1264 3869 1516 3931; x_wconf 88' lang='lat' dir='ltr'><strong>Inutilis</strong></span> <span class='ocrx_word' id='word_1_258' title='bbox 1562 3870 1755 3952; x_wconf 86' lang='lat' dir='ltr'><strong>igitur</strong></span> <span class='ocrx_word' id='word_1_259' title='bbox 1794 3867 1947 3930; x_wconf 89' lang='lat' dir='ltr'><strong>olim</strong></span> <span class='ocrx_word' id='word_1_260' title='bbox 2005 3877 2138 3927; x_wconf 84' lang='lat' dir='ltr'><strong>erat</strong></span> <span class='ocrx_word' id='word_1_261' title='bbox 2180 3864 2486 3926; x_wconf 85' lang='lat' dir='ltr'><strong>sententia</strong></span> <span class='ocrx_word' id='word_1_262' title='bbox 2540 3861 2622 3923; x_wconf 79' lang='lat' dir='ltr'><strong>de</strong></span> 
     </span>
     <span class='ocr_line' id='line_1_33' title="bbox 504 3973 2356 4061; baseline -0.004 -21"><span class='ocrx_word' id='word_1_263' title='bbox 504 4002 687 4040; x_wconf 82' lang='lat' dir='ltr'><strong>causa</strong></span> <span class='ocrx_word' id='word_1_264' title='bbox 728 3980 853 4040; x_wconf 88' lang='lat' dir='ltr'><strong>lata</strong></span> <span class='ocrx_word' id='word_1_265' title='bbox 899 3979 978 4039; x_wconf 73' lang='lat' dir='ltr'><strong>ad</strong></span> <span class='ocrx_word' id='word_1_266' title='bbox 1019 4000 1208 4061; x_wconf 86' lang='lat' dir='ltr'><strong>quam</strong></span> <span class='ocrx_word' id='word_1_267' title='bbox 1249 3977 1449 4059; x_wconf 61' lang='lat' dir='ltr'><strong>judex&#39;</strong></span> <span class='ocrx_word' id='word_1_268' title='bbox 1475 3997 1602 4037; x_wconf 91' lang='lat' dir='ltr'><strong>non</strong></span> <span class='ocrx_word' id='word_1_269' title='bbox 1641 3987 1776 4037; x_wconf 84' lang='lat' dir='ltr'><strong>erat</strong></span> <span class='ocrx_word' id='word_1_270' title='bbox 1813 3973 2018 4037; x_wconf 76' lang='lat' dir='ltr'><strong>datus,</strong></span> <span class='ocrx_word' id='word_1_271' title='bbox 2351 3973 2356 3979; x_wconf 78' lang='grc'><strong>’</strong></span> 
     </span>
    </p>

    <p class='ocr_par' dir='ltr' id='par_1_11' title="bbox 588 4073 2499 4169">
     <span class='ocr_line' id='line_1_34' title="bbox 588 4073 2499 4169; baseline -0.007 -21"><span class='ocrx_word' id='word_1_272' title='bbox 588 4085 697 4169; x_wconf 84' lang='grc'><strong>(5)</strong></span> <span class='ocrx_word' id='word_1_273' title='bbox 737 4084 855 4146; x_wconf 92' lang='lat' dir='ltr'><strong>Vel</strong></span> <span class='ocrx_word' id='word_1_274' title='bbox 901 4086 1086 4147; x_wconf 86' lang='lat' dir='ltr'><strong>etiam</strong></span> <span class='ocrx_word' id='word_1_275' title='bbox 1134 4086 1199 4146; x_wconf 87' lang='lat' dir='ltr'><strong>in</strong></span> <span class='ocrx_word' id='word_1_276' title='bbox 1238 4082 1531 4146; x_wconf 81' lang='lat' dir='ltr'><strong>mandata</strong></span> <span class='ocrx_word' id='word_1_277' title='bbox 1569 4092 1679 4145; x_wconf 87' lang='lat' dir='ltr'><strong>aut</strong></span> <span class='ocrx_word' id='word_1_278' title='bbox 1727 4079 2005 4164; x_wconf 76' lang='lat' dir='ltr'><strong>delegata</strong></span> <span class='ocrx_word' id='word_1_279' title='bbox 2046 4073 2499 4162; x_wconf 77' lang='lat' dir='ltr'><strong>jurisdictione.-</strong></span> 
     </span>
    </p>
   </div>
  </div>
 </body>
</html>
