2893 4778
1045 334 1566 384 m‘rnonuc‘rlo.
2270 343 2358 415 ²9

259 456 603 524 vinciarum
659 459 727 539 (ι
751 457 792 538 ).
840 453 1181 544 Postquam
1218 458 1389 521 enim
1429 469 1727 547 praetores
1772 469 2078 553 tanquam
2126 463 2354 554 singu-

251 569 400 634 lares
467 563 881 656 juridicundo
937 570 1337 657 magistratus
1396 579 1600 634 essent
1658 566 1982 652 instituti,
2059 569 2355 639 latissima

251 694 550 773 potestate
601 678 855 757 donati,
906 679 1159 770 publice
1224 693 1496 746 statuere
1556 680 1872 762 solebant,
1932 685 2353 774 quemadmo-

253 795 398 862 dum
444 795 513 859 in
559 797 760 860 causis
792 794 1145 884 quibusque
1181 808 1381 860 essent
1414 794 1781 882 judicaturi.
1832 795 2035 888 quue
2071 823 2226 865 mox
2264 804 2354 866 ita

251 908 512 977 invaluit
531 961 549 991 ‚
614 921 688 973 ut
748 932 977 973 munus
1025 910 1427 1011 suscipientes
1459 959 1475 988 ,
1536 932 1655 1000 pro
1700 923 1837 976 toto
1886 936 2055 976 anno
2106 914 2352 1005 regulas

253 1025 325 1088 ab
410 1025 562 1114 ipsis
629 1024 699 1086 in
783 1020 1204 1108 juredicundo
1289 1022 1703 1090 observandas
1767 1039 2194 1115 proponerent
2284 1030 2356 1095 in

255 1136 388 1203 albo
442 1143 597 1219 (2),
639 1137 688 1200 i.
735 1159 789 1199 e.
841 1134 1184 1199 edicerent
1210 1187 1225 1215 ,
1277 1147 1350 1200 ut
1392 1160 1608 1202 omnes
1655 1138 1887 1203 scirent
1938 1139 2357 1230 quemadmo-

252 1249 397 1315 dum
446 1251 520 1314 in
570 1271 821 1339 quaque
879 1272 1059 1312 causa
1114 1247 1503 1334 judicaretur
1527 1301 1543 1328 ‚
1604 1275 1795 1342 seque
1862 1256 2349 1342 praemunirent.

256 1364 530 1454 Propriae
580 1385 835 1453 quoque
862 1364 1208 1427 securitatis
1250 1387 1432 1428 causa
1463 1362 1531 1430 id
1564 1378 1859 1454 praetores
1893 1365 2236 1447 faciebant5
2270 1394 2354 1434 ne
2412 1446 2422 1453 ⁹

263 1480 529 1544 accusari
565 1487 846 1566 possent,
893 1498 954 1539 se
991 1476 1321 1541 ambitiose
1355 1480 1446 1562 jus
1487 1476 1694 1543 dicere
1746 1480 1893 1564 (3).
1949 1482 2099 1547 Haec
2147 1464 2355 1551 edicta

260 1605 559 1684 perpetua
598 1614 717 1685 seu⁴
741 1601 1059 1680 perpetuae
1103 1588 1550 1674 jurisdictionis
1586 1617 1797 1673 causa,
1848 1618 1983 1661 non
2021 1610 2214 1687 prout
2258 1622 2355 1664 res

259 1705 515 1783 incidit,
573 1701 678 1788 (4)
727 1705 1047 1793 proposita
1072 1754 1088 1779 ‚
1129 1727 1276 1768 cum
1315 1703 1491 1794 quod
1520 1706 1599 1770 ab
1631 1731 1760 1772 uno
1802 1711 2178 1800 magistratu
2216 1715 2351 1793 uti-

255 1820 397 1886 liter
440 1830 599 1884 esset
632 1816 912 1882 edictum
954 1842 990 1879 a
1021 1818 1474 1914 successoribus
1518 1834 1870 1887 servaretur
1916 1823 2062 1906 (5),
2125 1837 2189 1890 et
2236 1824 2352 1891 tali

258 1934 445 2000 modo
487 1932 722 1998 sensim
764 1928 1193 2021 paulatimque
1268 1956 1455 1997 omne
1506 1937 1599 2020 jus
1642 1933 1824 2002 civile
1894 1936 2355 2028 amplecteren-

260 2063 361 2115 tur
382 2054 405 2129 ‚'
459 2070 776 2113 summam
832 2057 1162 2109 consecuta
1220 2058 1367 2111 sunt
1425 2040 1864 2115 auctoritatem
1884 2100 1900 2128 ,
1950 2074 2100 2133 non¹
2149 2051 2355 2118 solum

262 2164 473 2229 Romae
542 2160 750 2225 edicta
784 2156 1077 2250 ‘praetoris
1133 2160 1356 2225 urbani
1404 2173 1469 2226 et
1532 2165 1856 2254 peregrini
1916 2162 2354 2255 aediliumque,

261 2279 363 2344 sed
393 2292 459 2343 et
504 2280 576 2340 in
605 2275 949 2366 provinciis
984 2272 1264 2338 edictum
1299 2275 1681 2364 provinciale
1734 2277 1862 2359 (6).
1933 2266 1942 2271 ’

346 2395 546 2484 Leges
586 2402 958 2478 senatusque
1005 2386 1284 2453 consulta
1326 2376 1498 2454 hunc
1550 2413 1794 2454 morem
1842 2388 2131 2455 edicendi
2167 2415 2353 2456 com-

264 2506 659 2597 probabant3
710 2502 850 2594 lege
894 2499 1193 2572 Cornelia
1236 2525 1387 2567 vero
1436 2503 1836 2593 prohibitum
1870 2490 1961 2568 est
1992 2556 2009 2581 ,
2070 2528 2151 2568 ne
2181 2530 2353 2595 prae-

262 2633 418 2685 tores
464 2616 673 2683 edicta
714 2629 1021 2706 perpetua
1061 2614 1330 2681 durante
1380 2641 1549 2681 anno
1589 2629 1908 2684 mutarent
1950 2624 2058 2708 (7).
2103 2617 2355 2687 Diversi

350 2890 451 2965 (1)
521 2886 816 2944 Censores
869 2903 1112 2963 quoque
1155 2882 1354 2942 edicta
1397 2882 1849 2963 publicabant,
1905 2885 2072 2967 quod
2126 2899 2187 2946 et
2221 2893 2353 2949 tu·-

268 3001 413 3060 buni
451 2991 654 3080 plebis
695 2996 907 3057 fecisse
943 2996 1238 3055 dicuntur
1279 3018 1294 3054 :
1329 2994 1517 3056 Bach.
1564 2994 1609 3055 l.
1647 3017 1697 3055 c.
1743 2997 1771 3078 ᾗ
1819 3018 1879 3057 2.

346 3106 449 3183 (2)
489 3103 723 3162 Album
749 3112 880 3161 erat
915 3100 1123 3161 tabula
1155 3099 1358 3181 lignea
1389 3103 1585 3162 nativi
1613 3100 1838 3163 coloris
1865 3150 1881 3175 ‚
1930 3105 1998 3162 in
2046 3124 2168 3185 qua
2194 3105 2350 3166 atris

268 3210 490 3272 litteris
531 3206 883 3267 scribebant
927 3206 1219 3265 edictum.
1270 3206 1346 3263 V.
1379 3204 1564 3264 Bach.
1615 3227 1678 3286 p.
1712 3207 1854 3268 215.
1963 3221 1978 3240 ³

315 3319 452 3396 -(3)
491 3316 557 3374 L.
606 3336 664 3373 2.
711 3313 739 3395 §
787 3313 992 3390 10,D.
1049 3303 1098 3370 ι’.
1144 3332 1201 3372 2.
1248 3311 1356 3390 (de
1402 3311 1482 3370 O-.
1524 3312 1694 3390 Jur.)

346 3422 446 3504 (4)
489 3422 689 3481 Erant
719 3430 784 3480 et
823 3418 1307 3479 extraordinaria
1348 3439 1455 3477 seu
1500 3421 1825 3498 repentina
1872 3420 2114 3487 edicta„
2152 3418 2339 3480 Bach.

266 3534 307 3594 l.
350 3556 401 3594 c.
448 3532 477 3614 §
516 3552 578 3592 2.
1076 3521 1079 3528 ’

348 3641 444 3719 (5)
488 3636 638 3698 Inde
675 3634 861 3696 edicti
898 3634 1261 3695 translatitt'i
1285 3645 1346 3694 et
1369 3635 1647 3717 capitum
1676 3655 1967 3695 novorum
2006 3633 2345 3696 distinctio.

346 3746 448 3827 (6)
484 3746 606 3806 Per
672 3743 792 3802 hoc
836 3743 932 3823 jus
985 3762 1305 3802 romanum
1351 3743 1420 3800 in
1457 3739 1825 3825 longinquas
1869 3763 1905 3800 a
1959 3742 2152 3802 Roma
2196 3764 2347 3825 pro-

263 3856 491 3920 vincias
520 3852 871 3936 profectum
905 3860 968 3910 et
1011 3852 1078 3909 in
1112 3848 1324 3933 Belgio
1368 3862 1781 3932 propagatum
1825 3858 1976 3909 erat.

348 3965 447 4045 (7)
490 3961 675 4043 Hugo
700 4005 718 4033 ‚
755 3956 918 4016 Hist.
959 3959 1081 4038 jur.
1130 3978 1284 4016 rom.
1324 3955 1351 4037 §
1402 3979 1535 4039 177·
1573 3957 1780 4015 Verba
1812 3955 1965 4037 legis
1991 3954 2121 4017 baec
2148 3970 2293 4018 sunt
2323 3982 2344 4017 z

267 4081 331 4126 ut
359 4082 647 4151 ptaetores
682 4085 770 4124 ex
800 4062 1011 4122 edictis
1040 4064 1353 4146 perpetuis
1391 4065 1515 4122 suis
1537 4066 1648 4142 jus
1674 4060 1967 4124 dicerent.
2015 4063 2241 4123 A‘scon.
2269 4064 2348 4124 ad

1876 4189 1915 4240 2
1937 4222 1953 4240 .
