<?xml version="1.0" encoding="UTF-8"?>
<!DOCTYPE html PUBLIC "-//W3C//DTD XHTML 1.0 Transitional//EN"
    "http://www.w3.org/TR/xhtml1/DTD/xhtml1-transitional.dtd">
<html xmlns="http://www.w3.org/1999/xhtml" xml:lang="en" lang="en">
 <head>
  <title>
</title>
<meta http-equiv="Content-Type" content="text/html;charset=utf-8" />
  <meta name='ocr-system' content='tesseract 3.04.00' />
  <meta name='ocr-capabilities' content='ocr_page ocr_carea ocr_par ocr_line ocrx_word'/>
</head>
<body>
  <div class='ocr_page' id='page_1' title='image "./commentariijuri00warngoog/commentariijuri00warngoog_0518.png"; bbox 0 0 2893 4778; ppageno 0'>
   <div class='ocr_carea' id='block_1_1' title="bbox 536 279 2324 393">
    <p class='ocr_par' dir='ltr' id='par_1_1' title="bbox 536 279 2324 393">
     <span class='ocr_line' id='line_1_1' title="bbox 536 279 2324 393; baseline 0.003 -28"><span class='ocrx_word' id='word_1_1' title='bbox 536 291 686 393; x_wconf 74' lang='lat'><em>498</em></span> <span class='ocrx_word' id='word_1_2' title='bbox 870 316 1382 369; x_wconf 64' lang='lat' dir='ltr'><em>connum-Anu</em></span> <span class='ocrx_word' id='word_1_3' title='bbox 1426 318 1627 368; x_wconf 76' lang='lat' dir='ltr'><em>smus</em></span> <span class='ocrx_word' id='word_1_4' title='bbox 1675 319 1960 372; x_wconf 69' lang='lat' dir='ltr'><em>noum</em></span> <span class='ocrx_word' id='word_1_5' title='bbox 2006 279 2324 370; x_wconf 69' lang='lat' dir='ltr'><em>riuvnr.</em></span> 
     </span>
    </p>
   </div>
   <div class='ocr_carea' id='block_1_2' title="bbox 582 541 2606 638">
    <p class='ocr_par' dir='ltr' id='par_1_2' title="bbox 582 493 2606 638">
     <span class='ocr_line' id='line_1_2' title="bbox 582 541 2606 638; baseline 0.002 -28"><span class='ocrx_word' id='word_1_6' title='bbox 582 547 614 633; x_wconf 84' lang='lat'>§</span> <span class='ocrx_word' id='word_1_7' title='bbox 681 545 767 611; x_wconf 92' lang='grc' dir='ltr'><em>Π.</em></span> <span class='ocrx_word' id='word_1_8' title='bbox 833 543 946 611; x_wconf 77' lang='lat' dir='ltr'><em>De</em></span> <span class='ocrx_word' id='word_1_9' title='bbox 991 541 1366 638; x_wconf 73' lang='lat' dir='ltr'><strong><em>hypotheca</em></strong></span> <span class='ocrx_word' id='word_1_10' title='bbox 1382 589 1411 622; x_wconf 87' lang='lat'><em>,</em></span> <span class='ocrx_word' id='word_1_11' title='bbox 1494 567 1642 636; x_wconf 84' lang='lat' dir='ltr'><em>quoe</em></span> <span class='ocrx_word' id='word_1_12' title='bbox 1721 548 2141 635; x_wconf 71' lang='lat' dir='ltr'><em>magistratus</em></span> <span class='ocrx_word' id='word_1_13' title='bbox 2209 552 2606 614; x_wconf 65' lang='lat' dir='ltr'><em>auctoretate</em></span> 
     </span>
    </p>
   </div>
   <div class='ocr_carea' id='block_1_3' title="bbox 1287 688 1909 767">
    <p class='ocr_par' dir='ltr' id='par_1_3' title="bbox 1287 688 1909 767">
     <span class='ocr_line' id='line_1_3' title="bbox 1287 688 1909 767; baseline 0.005 -21"><span class='ocrx_word' id='word_1_14' title='bbox 1287 688 1701 749; x_wconf 81' lang='lat' dir='ltr'><em>constituitur</em></span> <span class='ocrx_word' id='word_1_15' title='bbox 1775 691 1793 767; x_wconf 94' lang='lat'>(</span> <span class='ocrx_word' id='word_1_16' title='bbox 1821 706 1840 748; x_wconf 82' lang='grc'>1</span> <span class='ocrx_word' id='word_1_17' title='bbox 1867 690 1909 767; x_wconf 89' lang='grc'><em>).</em></span> 
     </span>
    </p>
   </div>
   <div class='ocr_carea' id='block_1_4' title="bbox 534 897 2658 2706">
    <p class='ocr_par' dir='ltr' id='par_1_4' title="bbox 534 897 2658 1455">
     <span class='ocr_line' id='line_1_4' title="bbox 629 897 2658 993; baseline 0.001 -26"><span class='ocrx_word' id='word_1_18' title='bbox 629 897 780 970; x_wconf 78' lang='lat'><strong>362.</strong></span> <span class='ocrx_word' id='word_1_19' title='bbox 817 899 983 967; x_wconf 83' lang='lat' dir='ltr'><em>Duae</em></span> <span class='ocrx_word' id='word_1_20' title='bbox 1012 912 1160 966; x_wconf 89' lang='lat' dir='ltr'><em>sunt</em></span> <span class='ocrx_word' id='word_1_21' title='bbox 1206 922 1408 966; x_wconf 79' lang='lat' dir='ltr'><em>causae</em></span> <span class='ocrx_word' id='word_1_22' title='bbox 1454 924 1533 965; x_wconf 87' lang='lat' dir='ltr'><em>ex</em></span> <span class='ocrx_word' id='word_1_23' title='bbox 1564 900 1797 992; x_wconf 80' lang='lat' dir='ltr'><em>quihus</em></span> <span class='ocrx_word' id='word_1_24' title='bbox 1834 901 2240 993; x_wconf 75' lang='lat' dir='ltr'><em>magistratus</em></span> <span class='ocrx_word' id='word_1_25' title='bbox 2271 904 2658 970; x_wconf 78' lang='lat' dir='ltr'><em>auctoritate</em></span> 
     </span>
     <span class='ocr_line' id='line_1_5' title="bbox 539 1015 2654 1110; baseline 0 -29"><span class='ocrx_word' id='word_1_26' title='bbox 539 1017 773 1110; x_wconf 85' lang='lat' dir='ltr'><em>pignus</em></span> <span class='ocrx_word' id='word_1_27' title='bbox 811 1015 909 1084; x_wconf 82' lang='lat' dir='ltr'><em>vel</em></span> <span class='ocrx_word' id='word_1_28' title='bbox 937 1017 1300 1109; x_wconf 77' lang='lat' dir='ltr'><em>hyphoteca</em></span> <span class='ocrx_word' id='word_1_29' title='bbox 1335 1017 1777 1096; x_wconf 74' lang='lat' dir='ltr'><em>constituitur,</em></span> <span class='ocrx_word' id='word_1_30' title='bbox 1813 1041 2042 1108; x_wconf 83' lang='lat' dir='ltr'><strong>nempe</strong></span> <span class='ocrx_word' id='word_1_31' title='bbox 2069 1040 2219 1082; x_wconf 88' lang='lat' dir='ltr'><em>cum</em></span> <span class='ocrx_word' id='word_1_32' title='bbox 2263 1017 2545 1084; x_wconf 81' lang='lat' dir='ltr'><em>creditor</em></span> <span class='ocrx_word' id='word_1_33' title='bbox 2576 1020 2654 1083; x_wconf 88' lang='lat' dir='ltr'><em>in</em></span> 
     </span>
     <span class='ocr_line' id='line_1_6' title="bbox 534 1129 2652 1234; baseline 0 -36"><span class='ocrx_word' id='word_1_34' title='bbox 534 1133 988 1226; x_wconf 83' lang='lat' dir='ltr'><em>possessionem</em></span> <span class='ocrx_word' id='word_1_35' title='bbox 1036 1154 1118 1197; x_wconf 82' lang='lat' dir='ltr'><em>ex</em></span> <span class='ocrx_word' id='word_1_36' title='bbox 1167 1129 1420 1234; x_wconf 73' lang='lat' dir='ltr'><em>decreto</em></span> <span class='ocrx_word' id='word_1_37' title='bbox 1475 1129 1770 1197; x_wconf 83' lang='lat' dir='ltr'><em>Praetoris</em></span> <span class='ocrx_word' id='word_1_38' title='bbox 1829 1132 2052 1196; x_wconf 89' lang='lat' dir='ltr'><em>missus</em></span> <span class='ocrx_word' id='word_1_39' title='bbox 2092 1144 2186 1199; x_wconf 87' lang='lat' dir='ltr'><em>est</em></span> <span class='ocrx_word' id='word_1_40' title='bbox 2211 1184 2229 1212; x_wconf 89' lang='lat'>‚</span> <span class='ocrx_word' id='word_1_41' title='bbox 2288 1145 2355 1198; x_wconf 86' lang='lat' dir='ltr'><em>et</em></span> <span class='ocrx_word' id='word_1_42' title='bbox 2384 1130 2652 1223; x_wconf 82' lang='lat' dir='ltr'><em>quando</em></span> 
     </span>
     <span class='ocr_line' id='line_1_7' title="bbox 536 1243 2651 1341; baseline 0 -28"><span class='ocrx_word' id='word_1_43' title='bbox 536 1249 770 1341; x_wconf 86' lang='lat' dir='ltr'><em>pignus</em></span> <span class='ocrx_word' id='word_1_44' title='bbox 819 1269 901 1312; x_wconf 84' lang='lat' dir='ltr'><em>ex</em></span> <span class='ocrx_word' id='word_1_45' title='bbox 938 1268 1123 1310; x_wconf 83' lang='lat' dir='ltr'><em>causa</em></span> <span class='ocrx_word' id='word_1_46' title='bbox 1159 1243 1424 1332; x_wconf 84' lang='lat' dir='ltr'><em>judicati</em></span> <span class='ocrx_word' id='word_1_47' title='bbox 1467 1247 1752 1335; x_wconf 82' lang='lat' dir='ltr'><em>capitur3</em></span> <span class='ocrx_word' id='word_1_48' title='bbox 1793 1243 1956 1311; x_wconf 87' lang='lat' dir='ltr'><em>illud</em></span> <span class='ocrx_word' id='word_1_49' title='bbox 2001 1247 2240 1337; x_wconf 83' lang='lat' dir='ltr'><em>pignus</em></span> <span class='ocrx_word' id='word_1_50' title='bbox 2278 1247 2651 1336; x_wconf 85' lang='lat' dir='ltr'><em>praetorium</em></span> 
     </span>
     <span class='ocr_line' id='line_1_8' title="bbox 540 1357 2324 1455; baseline -0.003 -27"><span class='ocrx_word' id='word_1_51' title='bbox 540 1360 930 1455; x_wconf 73' lang='lat' dir='ltr'><em>appellatur-3</em></span> <span class='ocrx_word' id='word_1_52' title='bbox 972 1359 1095 1426; x_wconf 84' lang='lat' dir='ltr'><em>hoc</em></span> <span class='ocrx_word' id='word_1_53' title='bbox 1141 1385 1177 1423; x_wconf 81' lang='lat' dir='ltr'><strong>a</strong></span> <span class='ocrx_word' id='word_1_54' title='bbox 1221 1358 1674 1425; x_wconf 83' lang='lat' dir='ltr'><em>recentioribus</em></span> <span class='ocrx_word' id='word_1_55' title='bbox 1730 1357 2029 1446; x_wconf 81' lang='lat' dir='ltr'><em>judiciale</em></span> <span class='ocrx_word' id='word_1_56' title='bbox 2063 1357 2324 1425; x_wconf 85' lang='lat' dir='ltr'><em>dicitur.</em></span> 
     </span>
    </p>

    <p class='ocr_par' dir='ltr' id='par_1_5' title="bbox 536 1472 2652 2706">
     <span class='ocr_line' id='line_1_9' title="bbox 631 1472 2651 1570; baseline -0.001 -29"><span class='ocrx_word' id='word_1_57' title='bbox 631 1500 695 1541; x_wconf 88' lang='lat' dir='ltr'><em>a.</em></span> <span class='ocrx_word' id='word_1_58' title='bbox 736 1475 1115 1542; x_wconf 72' lang='lat' dir='ltr'><em>Praetorium</em></span> <span class='ocrx_word' id='word_1_59' title='bbox 1149 1476 1382 1570; x_wconf 81' lang='lat' dir='ltr'><em>pignus</em></span> <span class='ocrx_word' id='word_1_60' title='bbox 1432 1475 1648 1540; x_wconf 85' lang='lat' dir='ltr'><em>existit</em></span> <span class='ocrx_word' id='word_1_61' title='bbox 1689 1498 1771 1540; x_wconf 80' lang='lat' dir='ltr'><em>ex</em></span> <span class='ocrx_word' id='word_1_62' title='bbox 1809 1498 1939 1565; x_wconf 89' lang='lat' dir='ltr'><em>quo</em></span> <span class='ocrx_word' id='word_1_63' title='bbox 1993 1483 2319 1539; x_wconf 85' lang='lat' dir='ltr'><em>momento</em></span> <span class='ocrx_word' id='word_1_64' title='bbox 2375 1473 2427 1537; x_wconf 87' lang='lat' dir='ltr'><em>is</em></span> <span class='ocrx_word' id='word_1_65' title='bbox 2449 1522 2466 1551; x_wconf 90' lang='lat'><strong>‚</strong></span> <span class='ocrx_word' id='word_1_66' title='bbox 2529 1472 2651 1564; x_wconf 77' lang='lat' dir='ltr'><em>qui</em></span> 
     </span>
     <span class='ocr_line' id='line_1_10' title="bbox 540 1587 2651 1681; baseline -0 -24"><span class='ocrx_word' id='word_1_67' title='bbox 540 1589 742 1657; x_wconf 87' lang='lat' dir='ltr'><em>debiti</em></span> <span class='ocrx_word' id='word_1_68' title='bbox 762 1587 1181 1681; x_wconf 88' lang='lat' dir='ltr'><em>persequendi</em></span> <span class='ocrx_word' id='word_1_69' title='bbox 1214 1588 1416 1678; x_wconf 83' lang='lat' dir='ltr'><em>gratia</em></span> <span class='ocrx_word' id='word_1_70' title='bbox 1440 1592 1508 1652; x_wconf 87' lang='lat' dir='ltr'><em>in</em></span> <span class='ocrx_word' id='word_1_71' title='bbox 1531 1590 1978 1679; x_wconf 86' lang='lat' dir='ltr'><em>possessionem</em></span> <span class='ocrx_word' id='word_1_72' title='bbox 2004 1588 2223 1652; x_wconf 87' lang='lat' dir='ltr'><em>missus</em></span> <span class='ocrx_word' id='word_1_73' title='bbox 2250 1599 2341 1653; x_wconf 89' lang='lat' dir='ltr'><em>est</em></span> <span class='ocrx_word' id='word_1_74' title='bbox 2364 1638 2382 1666; x_wconf 89' lang='lat'>‚</span> <span class='ocrx_word' id='word_1_75' title='bbox 2428 1609 2651 1656; x_wconf 81' lang='lat' dir='ltr'><em>rerum</em></span> 
     </span>
     <span class='ocr_line' id='line_1_11' title="bbox 538 1698 2652 1798; baseline -0.001 -28"><span class='ocrx_word' id='word_1_76' title='bbox 538 1706 980 1798; x_wconf 83' lang='lat' dir='ltr'><em>possessionem</em></span> <span class='ocrx_word' id='word_1_77' title='bbox 1039 1701 1462 1792; x_wconf 79' lang='lat' dir='ltr'><em>apprehendit</em></span> <span class='ocrx_word' id='word_1_78' title='bbox 1520 1708 1641 1785; x_wconf 85' lang='lat'><em>(2)</em></span> <span class='ocrx_word' id='word_1_79' title='bbox 1715 1701 1895 1785; x_wconf 89' lang='lat' dir='ltr'><em>(vide</em></span> <span class='ocrx_word' id='word_1_80' title='bbox 1934 1717 2072 1769; x_wconf 63' lang='lat' dir='ltr'><em>nm.</em></span> <span class='ocrx_word' id='word_1_81' title='bbox 2128 1726 2249 1768; x_wconf 78' lang='lat'><em>201</em></span> <span class='ocrx_word' id='word_1_82' title='bbox 2285 1752 2302 1779; x_wconf 89' lang='lat'>‚</span> <span class='ocrx_word' id='word_1_83' title='bbox 2349 1713 2504 1767; x_wconf 83' lang='lat' dir='ltr'><em>nota</em></span> <span class='ocrx_word' id='word_1_84' title='bbox 2543 1698 2652 1785; x_wconf 76' lang='grc'><em>4).</em></span> 
     </span>
     <span class='ocr_line' id='line_1_12' title="bbox 539 1814 2646 1908; baseline -0.001 -24"><span class='ocrx_word' id='word_1_85' title='bbox 539 1816 651 1884; x_wconf 90' lang='lat' dir='ltr'><em>Nil</em></span> <span class='ocrx_word' id='word_1_86' title='bbox 690 1820 948 1883; x_wconf 84' lang='lat' dir='ltr'><em>interest</em></span> <span class='ocrx_word' id='word_1_87' title='bbox 1005 1818 1074 1881; x_wconf 86' lang='lat' dir='ltr'><em>in</em></span> <span class='ocrx_word' id='word_1_88' title='bbox 1110 1816 1327 1880; x_wconf 85' lang='lat' dir='ltr'><em>omnia</em></span> <span class='ocrx_word' id='word_1_89' title='bbox 1366 1814 1671 1881; x_wconf 84' lang='lat' dir='ltr'><em>debitoris</em></span> <span class='ocrx_word' id='word_1_90' title='bbox 1704 1817 1873 1883; x_wconf 73' lang='lat' dir='ltr'><em>bona</em></span> <span class='ocrx_word' id='word_1_91' title='bbox 1918 1816 2145 1908; x_wconf 81' lang='lat' dir='ltr'><em>aliquis</em></span> <span class='ocrx_word' id='word_1_92' title='bbox 2175 1818 2469 1881; x_wconf 82' lang='lat' dir='ltr'><em>mittatur</em></span> <span class='ocrx_word' id='word_1_93' title='bbox 2491 1866 2508 1894; x_wconf 89' lang='lat'>‚</span> <span class='ocrx_word' id='word_1_94' title='bbox 2560 1839 2646 1881; x_wconf 86' lang='lat' dir='ltr'><em>an</em></span> 
     </span>
     <span class='ocr_line' id='line_1_13' title="bbox 538 1928 2647 2022; baseline -0 -26"><span class='ocrx_word' id='word_1_95' title='bbox 538 1932 609 1996; x_wconf 89' lang='lat' dir='ltr'><em>in</em></span> <span class='ocrx_word' id='word_1_96' title='bbox 670 1930 1116 2021; x_wconf 82' lang='lat' dir='ltr'><em>possessionem</em></span> <span class='ocrx_word' id='word_1_97' title='bbox 1181 1931 1273 1994; x_wconf 89' lang='lat' dir='ltr'><em>rei</em></span> <span class='ocrx_word' id='word_1_98' title='bbox 1332 1928 1668 2020; x_wconf 86' lang='lat' dir='ltr'><em>singularis</em></span> <span class='ocrx_word' id='word_1_99' title='bbox 1712 1956 1731 2012; x_wconf 96' lang='lat'>3</span> <span class='ocrx_word' id='word_1_100' title='bbox 1805 1931 1931 2002; x_wconf 91' lang='lat' dir='ltr'><em>hoc</em></span> <span class='ocrx_word' id='word_1_101' title='bbox 1992 1931 2168 1996; x_wconf 87' lang='lat' dir='ltr'><em>enim</em></span> <span class='ocrx_word' id='word_1_102' title='bbox 2215 1931 2449 2022; x_wconf 88' lang='lat' dir='ltr'><em>pignus</em></span> <span class='ocrx_word' id='word_1_103' title='bbox 2514 1942 2647 1995; x_wconf 80' lang='lat' dir='ltr'><em>tam</em></span> 
     </span>
     <span class='ocr_line' id='line_1_14' title="bbox 539 2042 2646 2138; baseline 0 -29"><span class='ocrx_word' id='word_1_104' title='bbox 539 2043 832 2138; x_wconf 81' lang='lat' dir='ltr'><em>generale</em></span> <span class='ocrx_word' id='word_1_105' title='bbox 882 2068 1075 2135; x_wconf 85' lang='lat' dir='ltr'><em>quam</em></span> <span class='ocrx_word' id='word_1_106' title='bbox 1120 2043 1386 2135; x_wconf 74' lang='lat' dir='ltr'><em>speciale</em></span> <span class='ocrx_word' id='word_1_107' title='bbox 1440 2067 1567 2109; x_wconf 90' lang='lat' dir='ltr'><em>esse</em></span> <span class='ocrx_word' id='word_1_108' title='bbox 1616 2056 1839 2137; x_wconf 85' lang='lat' dir='ltr'><em>potest.</em></span> <span class='ocrx_word' id='word_1_109' title='bbox 1887 2044 2028 2111; x_wconf 91' lang='lat' dir='ltr'><em>Hoc</em></span> <span class='ocrx_word' id='word_1_110' title='bbox 2079 2057 2292 2110; x_wconf 81' lang='lat' dir='ltr'><em>autem</em></span> <span class='ocrx_word' id='word_1_111' title='bbox 2328 2042 2646 2136; x_wconf 85' lang='lat' dir='ltr'><em>singulare</em></span> 
     </span>
     <span class='ocr_line' id='line_1_15' title="bbox 536 2157 2643 2250; baseline -0.001 -23"><span class='ocrx_word' id='word_1_112' title='bbox 536 2173 630 2229; x_wconf 87' lang='lat' dir='ltr'><em>est</em></span> <span class='ocrx_word' id='word_1_113' title='bbox 652 2211 669 2239; x_wconf 85' lang='lat'><strong>‚</strong></span> <span class='ocrx_word' id='word_1_114' title='bbox 702 2157 876 2250; x_wconf 91' lang='lat' dir='ltr'><em>quod</em></span> <span class='ocrx_word' id='word_1_115' title='bbox 899 2211 915 2236; x_wconf 91' lang='lat'>‚</span> <span class='ocrx_word' id='word_1_116' title='bbox 973 2160 1142 2223; x_wconf 84' lang='lat' dir='ltr'><em>inter</em></span> <span class='ocrx_word' id='word_1_117' title='bbox 1170 2157 1381 2249; x_wconf 81' lang='lat' dir='ltr'><em>plures</em></span> <span class='ocrx_word' id='word_1_118' title='bbox 1414 2157 1754 2223; x_wconf 82' lang='lat' dir='ltr'><em>creditores</em></span> <span class='ocrx_word' id='word_1_119' title='bbox 1799 2159 1866 2222; x_wconf 89' lang='lat' dir='ltr'><em>in</em></span> <span class='ocrx_word' id='word_1_120' title='bbox 1906 2160 2354 2249; x_wconf 88' lang='lat' dir='ltr'><em>possessionem</em></span> <span class='ocrx_word' id='word_1_121' title='bbox 2380 2159 2601 2224; x_wconf 78' lang='lat' dir='ltr'><em>missos</em></span> <span class='ocrx_word' id='word_1_122' title='bbox 2625 2208 2643 2238; x_wconf 93' lang='lat'>,</span> 
     </span>
     <span class='ocr_line' id='line_1_16' title="bbox 536 2269 2643 2363; baseline -0.003 -21"><span class='ocrx_word' id='word_1_123' title='bbox 536 2272 752 2342; x_wconf 88' lang='lat' dir='ltr'><em>nullus</em></span> <span class='ocrx_word' id='word_1_124' title='bbox 786 2274 867 2338; x_wconf 83' lang='lat' dir='ltr'><em>sit</em></span> <span class='ocrx_word' id='word_1_125' title='bbox 906 2273 1120 2363; x_wconf 86' lang='lat' dir='ltr'><em>potior</em></span> <span class='ocrx_word' id='word_1_126' title='bbox 1161 2269 1489 2336; x_wconf 81' lang='lat' dir='ltr'><em>habendus</em></span> <span class='ocrx_word' id='word_1_127' title='bbox 1529 2322 1549 2351; x_wconf 84' lang='lat'>‚</span> <span class='ocrx_word' id='word_1_128' title='bbox 1613 2271 1856 2337; x_wconf 85' lang='lat' dir='ltr'><em>etiamsi</em></span> <span class='ocrx_word' id='word_1_129' title='bbox 1907 2273 2095 2338; x_wconf 83' lang='lat' dir='ltr'><em>variis</em></span> <span class='ocrx_word' id='word_1_130' title='bbox 2132 2271 2526 2363; x_wconf 88' lang='lat' dir='ltr'><em>temporibus</em></span> <span class='ocrx_word' id='word_1_131' title='bbox 2574 2272 2643 2335; x_wconf 87' lang='lat' dir='ltr'><em>in</em></span> 
     </span>
     <span class='ocr_line' id='line_1_17' title="bbox 536 2383 2645 2481; baseline -0.001 -28"><span class='ocrx_word' id='word_1_132' title='bbox 536 2389 982 2481; x_wconf 84' lang='lat' dir='ltr'><em>possessionem</em></span> <span class='ocrx_word' id='word_1_133' title='bbox 1001 2385 1407 2477; x_wconf 86' lang='lat' dir='ltr'><em>pervenerint</em></span> <span class='ocrx_word' id='word_1_134' title='bbox 1425 2436 1442 2464; x_wconf 90' lang='lat'><strong>,</strong></span> <span class='ocrx_word' id='word_1_135' title='bbox 1473 2409 1620 2452; x_wconf 89' lang='lat' dir='ltr'><em>cum</em></span> <span class='ocrx_word' id='word_1_136' title='bbox 1646 2386 1761 2452; x_wconf 87' lang='lat' dir='ltr'><em>uni</em></span> <span class='ocrx_word' id='word_1_137' title='bbox 1783 2383 2081 2452; x_wconf 80' lang='lat' dir='ltr'><em>creditori</em></span> <span class='ocrx_word' id='word_1_138' title='bbox 2105 2386 2175 2452; x_wconf 91' lang='lat' dir='ltr'><em>in</em></span> <span class='ocrx_word' id='word_1_139' title='bbox 2198 2389 2645 2478; x_wconf 86' lang='lat' dir='ltr'><em>possessionem</em></span> 
     </span>
     <span class='ocr_line' id='line_1_18' title="bbox 539 2498 2639 2592; baseline -0.001 -25"><span class='ocrx_word' id='word_1_140' title='bbox 539 2502 729 2569; x_wconf 86' lang='lat' dir='ltr'><em>misso</em></span> <span class='ocrx_word' id='word_1_141' title='bbox 795 2508 985 2568; x_wconf 84' lang='lat' dir='ltr'><em>ceteri</em></span> <span class='ocrx_word' id='word_1_142' title='bbox 1039 2499 1359 2565; x_wconf 81' lang='lat' dir='ltr'><em>adhaerere</em></span> <span class='ocrx_word' id='word_1_143' title='bbox 1407 2502 1650 2591; x_wconf 84' lang='lat' dir='ltr'><em>possint</em></span> <span class='ocrx_word' id='word_1_144' title='bbox 1699 2499 1846 2584; x_wconf 84' lang='lat'><strong>(3).</strong></span> <span class='ocrx_word' id='word_1_145' title='bbox 1896 2498 2057 2566; x_wconf 85' lang='lat' dir='ltr'><em>Aliis</em></span> <span class='ocrx_word' id='word_1_146' title='bbox 2118 2498 2497 2592; x_wconf 84' lang='lat' dir='ltr'><em>hypothecis</em></span> <span class='ocrx_word' id='word_1_147' title='bbox 2569 2502 2639 2566; x_wconf 86' lang='lat' dir='ltr'><em>in</em></span> 
     </span>
     <span class='ocr_line' id='line_1_19' title="bbox 538 2613 2535 2706; baseline -0.003 -24"><span class='ocrx_word' id='word_1_148' title='bbox 538 2615 762 2683; x_wconf 84' lang='lat' dir='ltr'><em>eadem</em></span> <span class='ocrx_word' id='word_1_149' title='bbox 797 2639 867 2680; x_wconf 83' lang='lat' dir='ltr'><em>re</em></span> <span class='ocrx_word' id='word_1_150' title='bbox 914 2618 1040 2701; x_wconf 86' lang='lat' dir='ltr'><em>jam</em></span> <span class='ocrx_word' id='word_1_151' title='bbox 1063 2616 1418 2681; x_wconf 82' lang='lat' dir='ltr'><em>constitutis</em></span> <span class='ocrx_word' id='word_1_152' title='bbox 1462 2615 1585 2680; x_wconf 90' lang='lat' dir='ltr'><em>hoc</em></span> <span class='ocrx_word' id='word_1_153' title='bbox 1625 2615 1858 2705; x_wconf 83' lang='lat' dir='ltr'><em>pignus</em></span> <span class='ocrx_word' id='word_1_154' title='bbox 1891 2613 2100 2679; x_wconf 87' lang='lat' dir='ltr'><em>obesse</em></span> <span class='ocrx_word' id='word_1_155' title='bbox 2144 2637 2278 2679; x_wconf 89' lang='lat' dir='ltr'><em>non</em></span> <span class='ocrx_word' id='word_1_156' title='bbox 2311 2626 2535 2706; x_wconf 84' lang='lat' dir='ltr'><em>potest.</em></span> 
     </span>
    </p>
   </div>
   <div class='ocr_carea' id='block_1_5' title="bbox 632 2725 2642 2821">
    <p class='ocr_par' dir='ltr' id='par_1_6' title="bbox 632 2725 2642 2821">
     <span class='ocr_line' id='line_1_20' title="bbox 632 2725 2642 2821; baseline -0.001 -25"><span class='ocrx_word' id='word_1_157' title='bbox 632 2726 784 2819; x_wconf 18' lang='lat'><strong>363..</strong></span> <span class='ocrx_word' id='word_1_158' title='bbox 828 2726 891 2792; x_wconf 85' lang='lat' dir='ltr'><em>b.</em></span> <span class='ocrx_word' id='word_1_159' title='bbox 936 2727 1246 2794; x_wconf 86' lang='lat' dir='ltr'><em>Judiciale</em></span> <span class='ocrx_word' id='word_1_160' title='bbox 1290 2729 1522 2821; x_wconf 85' lang='lat' dir='ltr'><em>pignus</em></span> <span class='ocrx_word' id='word_1_161' title='bbox 1586 2725 1748 2793; x_wconf 87' lang='lat' dir='ltr'><em>illud</em></span> <span class='ocrx_word' id='word_1_162' title='bbox 1811 2739 1904 2794; x_wconf 87' lang='lat' dir='ltr'><em>est</em></span> <span class='ocrx_word' id='word_1_163' title='bbox 1928 2777 1947 2810; x_wconf 83' lang='lat'>‚</span> <span class='ocrx_word' id='word_1_164' title='bbox 1997 2726 2180 2821; x_wconf 88' lang='lat' dir='ltr'><em>quod</em></span> <span class='ocrx_word' id='word_1_165' title='bbox 2241 2730 2642 2819; x_wconf 83' lang='lat' dir='ltr'><em>magistratus</em></span> 
     </span>
    </p>
   </div>
   <div class='ocr_carea' id='block_1_6' title="bbox 538 3096 2646 3400">
    <p class='ocr_par' dir='ltr' id='par_1_7' title="bbox 538 3096 2646 3400">
     <span class='ocr_line' id='line_1_21' title="bbox 539 3096 2645 3185; baseline 0.001 -26"><span class='ocrx_word' id='word_1_166' title='bbox 539 3115 596 3160; x_wconf 90' lang='lat' dir='ltr'><em>c.</em></span> <span class='ocrx_word' id='word_1_167' title='bbox 656 3097 699 3159; x_wconf 84' lang='lat'><strong>6</strong></span> <span class='ocrx_word' id='word_1_168' title='bbox 729 3116 751 3177; x_wconf 98' lang='lat'>3</span> <span class='ocrx_word' id='word_1_169' title='bbox 809 3096 1106 3160; x_wconf 77' lang='lat' dir='ltr'><em>Averanii</em></span> <span class='ocrx_word' id='word_1_170' title='bbox 1168 3100 1561 3180; x_wconf 75' lang='lat' dir='ltr'><em>interpretat.</em></span> <span class='ocrx_word' id='word_1_171' title='bbox 1607 3146 1624 3174; x_wconf 89' lang='lat'>,</span> <span class='ocrx_word' id='word_1_172' title='bbox 1705 3097 1818 3160; x_wconf 91' lang='lat' dir='ltr'><em>lib.</em></span> <span class='ocrx_word' id='word_1_173' title='bbox 1878 3100 1970 3162; x_wconf 86' lang='lat'><em>111</em></span> <span class='ocrx_word' id='word_1_174' title='bbox 1999 3146 2017 3176; x_wconf 89' lang='lat'><em>,</em></span> <span class='ocrx_word' id='word_1_175' title='bbox 2082 3121 2143 3161; x_wconf 89' lang='lat' dir='ltr'><em>c.</em></span> <span class='ocrx_word' id='word_1_176' title='bbox 2211 3122 2256 3185; x_wconf 86' lang='lat'><strong>9</strong></span> <span class='ocrx_word' id='word_1_177' title='bbox 2284 3149 2303 3176; x_wconf 90' lang='lat'>‚</span> <span class='ocrx_word' id='word_1_178' title='bbox 2361 3118 2460 3163; x_wconf 73' lang='lat' dir='ltr'><em>no.</em></span> <span class='ocrx_word' id='word_1_179' title='bbox 2519 3121 2590 3162; x_wconf 74' lang='grc' dir='ltr'><strong>η</strong></span> <span class='ocrx_word' id='word_1_180' title='bbox 2618 3119 2645 3180; x_wconf 71' lang='lat'>3</span> 
     </span>
     <span class='ocr_line' id='line_1_22' title="bbox 539 3201 2646 3289; baseline -0 -22"><span class='ocrx_word' id='word_1_181' title='bbox 539 3205 910 3268; x_wconf 82' lang='lat' dir='ltr'><em>Recitation.</em></span> <span class='ocrx_word' id='word_1_182' title='bbox 937 3202 1174 3264; x_wconf 83' lang='lat' dir='ltr'><em>doctor.</em></span> <span class='ocrx_word' id='word_1_183' title='bbox 1206 3203 1574 3263; x_wconf 83' lang='lat' dir='ltr'><em>Lovaniens.</em></span> <span class='ocrx_word' id='word_1_184' title='bbox 1602 3203 1679 3265; x_wconf 89' lang='lat' dir='ltr'><em>T.</em></span> <span class='ocrx_word' id='word_1_185' title='bbox 1702 3201 1789 3263; x_wconf 87' lang='lat'><em>111</em></span> <span class='ocrx_word' id='word_1_186' title='bbox 1808 3243 1833 3277; x_wconf 85' lang='lat'><em>,</em></span> <span class='ocrx_word' id='word_1_187' title='bbox 1863 3224 2004 3285; x_wconf 81' lang='lat' dir='ltr'><em>pag.</em></span> <span class='ocrx_word' id='word_1_188' title='bbox 2035 3202 2152 3287; x_wconf 77' lang='lat'><em>287</em></span> <span class='ocrx_word' id='word_1_189' title='bbox 2181 3225 2201 3283; x_wconf 93' lang='lat'>3</span> <span class='ocrx_word' id='word_1_190' title='bbox 2232 3206 2646 3289; x_wconf 65' lang='lat' dir='ltr'><em>Gestenling,</em></span> 
     </span>
     <span class='ocr_line' id='line_1_23' title="bbox 538 3310 2644 3400; baseline 0.001 -25"><span class='ocrx_word' id='word_1_191' title='bbox 538 3314 935 3393; x_wconf 78' lang='lat' dir='ltr'><em>Psandrecht</em></span> <span class='ocrx_word' id='word_1_192' title='bbox 964 3358 981 3387; x_wconf 89' lang='lat'><strong>,</strong></span> <span class='ocrx_word' id='word_1_193' title='bbox 1016 3333 1079 3395; x_wconf 78' lang='lat' dir='ltr'><em>p.</em></span> <span class='ocrx_word' id='word_1_194' title='bbox 1110 3310 1190 3372; x_wconf 87' lang='lat'><em>58</em></span> <span class='ocrx_word' id='word_1_195' title='bbox 1218 3331 1238 3389; x_wconf 93' lang='lat'>3</span> <span class='ocrx_word' id='word_1_196' title='bbox 1264 3311 1501 3389; x_wconf 59' lang='lat' dir='ltr'><em>(zutok,</em></span> <span class='ocrx_word' id='word_1_197' title='bbox 1539 3314 1958 3373; x_wconf 78' lang='lat' dir='ltr'><em>Commentar.</em></span> <span class='ocrx_word' id='word_1_198' title='bbox 1992 3312 2072 3372; x_wconf 90' lang='grc' dir='ltr'><em>Τ.</em></span> <span class='ocrx_word' id='word_1_199' title='bbox 2105 3312 2323 3374; x_wconf 86' lang='lat' dir='ltr'>XVIII</span> <span class='ocrx_word' id='word_1_200' title='bbox 2347 3360 2365 3390; x_wconf 93' lang='lat'>,</span> <span class='ocrx_word' id='word_1_201' title='bbox 2403 3312 2432 3395; x_wconf 82' lang='lat'><em>§</em></span> <span class='ocrx_word' id='word_1_202' title='bbox 2471 3315 2644 3400; x_wconf 83' lang='lat'><strong>1078.</strong></span> 
     </span>
    </p>
   </div>
   <div class='ocr_carea' id='block_1_7' title="bbox 538 3440 2648 3979">
    <p class='ocr_par' dir='ltr' id='par_1_8' title="bbox 538 3440 2648 3745">
     <span class='ocr_line' id='line_1_24' title="bbox 620 3440 2647 3527; baseline -0 -22"><span class='ocrx_word' id='word_1_203' title='bbox 620 3443 733 3527; x_wconf 82' lang='lat'><em>(1)</em></span> <span class='ocrx_word' id='word_1_204' title='bbox 778 3440 977 3504; x_wconf 70' lang='lat' dir='ltr'><em>Glitck</em></span> <span class='ocrx_word' id='word_1_205' title='bbox 1005 3489 1022 3516; x_wconf 89' lang='lat'>‚</span> <span class='ocrx_word' id='word_1_206' title='bbox 1048 3443 1467 3504; x_wconf 74' lang='lat' dir='ltr'><em>Commentar.</em></span> <span class='ocrx_word' id='word_1_207' title='bbox 1482 3482 1507 3517; x_wconf 86' lang='lat'><em>,</em></span> <span class='ocrx_word' id='word_1_208' title='bbox 1526 3442 1607 3503; x_wconf 91' lang='grc' dir='ltr'><em>Τ.</em></span> <span class='ocrx_word' id='word_1_209' title='bbox 1631 3441 1843 3502; x_wconf 82' lang='lat' dir='ltr'>XVIII</span> <span class='ocrx_word' id='word_1_210' title='bbox 1856 3482 1879 3516; x_wconf 86' lang='lat'><em>,</em></span> <span class='ocrx_word' id='word_1_211' title='bbox 1919 3440 1948 3524; x_wconf 55' lang='grc' dir='ltr'><em>ᾖ</em></span> <span class='ocrx_word' id='word_1_212' title='bbox 1984 3440 2156 3501; x_wconf 87' lang='lat'>1080.</span> <span class='ocrx_word' id='word_1_213' title='bbox 2192 3440 2647 3504; x_wconf 81' lang='lat' dir='ltr'><em>Laudanturab</em></span> 
     </span>
     <span class='ocr_line' id='line_1_25' title="bbox 538 3547 2648 3633; baseline -0.001 -20"><span class='ocrx_word' id='word_1_214' title='bbox 538 3569 612 3613; x_wconf 88' lang='lat' dir='ltr'><em>eo</em></span> <span class='ocrx_word' id='word_1_215' title='bbox 642 3596 660 3628; x_wconf 92' lang='lat'><strong>,</strong></span> <span class='ocrx_word' id='word_1_216' title='bbox 684 3548 729 3610; x_wconf 94' lang='lat' dir='ltr'><em>l.</em></span> <span class='ocrx_word' id='word_1_217' title='bbox 779 3571 831 3610; x_wconf 89' lang='lat' dir='ltr'><em>c.</em></span> <span class='ocrx_word' id='word_1_218' title='bbox 860 3595 879 3626; x_wconf 84' lang='lat'><strong><em>‚</em></strong></span> <span class='ocrx_word' id='word_1_219' title='bbox 928 3547 1291 3609; x_wconf 83' lang='lat' dir='ltr'><em>Schroederi</em></span> <span class='ocrx_word' id='word_1_220' title='bbox 1319 3548 1640 3631; x_wconf 86' lang='lat' dir='ltr'><em>Opuscula</em></span> <span class='ocrx_word' id='word_1_221' title='bbox 1675 3547 1753 3609; x_wconf 90' lang='lat' dir='ltr'><em>de</em></span> <span class='ocrx_word' id='word_1_222' title='bbox 1779 3559 2000 3609; x_wconf 81' lang='lat' dir='ltr'><em>natura</em></span> <span class='ocrx_word' id='word_1_223' title='bbox 2031 3558 2096 3609; x_wconf 88' lang='lat' dir='ltr'><em>et</em></span> <span class='ocrx_word' id='word_1_224' title='bbox 2120 3547 2342 3611; x_wconf 87' lang='lat' dir='ltr'><em>effectu</em></span> <span class='ocrx_word' id='word_1_225' title='bbox 2368 3548 2648 3633; x_wconf 72' lang='lat' dir='ltr'><em>pig&#39;noiis</em></span> 
     </span>
     <span class='ocr_line' id='line_1_26' title="bbox 541 3655 2144 3745; baseline -0.002 -24"><span class='ocrx_word' id='word_1_226' title='bbox 541 3659 818 3745; x_wconf 84' lang='lat' dir='ltr'><em>praetorii</em></span> <span class='ocrx_word' id='word_1_227' title='bbox 852 3666 927 3718; x_wconf 79' lang='lat' dir='ltr'><em>‘et</em></span> <span class='ocrx_word' id='word_1_228' title='bbox 964 3655 1269 3738; x_wconf 76' lang='lat' dir='ltr'><em>judicialis</em></span> <span class='ocrx_word' id='word_1_229' title='bbox 1291 3703 1311 3734; x_wconf 89' lang='lat'><em>‚</em></span> <span class='ocrx_word' id='word_1_230' title='bbox 1362 3657 1685 3740; x_wconf 81' lang='lat' dir='ltr'><em>Marburgi</em></span> <span class='ocrx_word' id='word_1_231' title='bbox 1733 3655 1877 3740; x_wconf 85' lang='lat'><strong>1751</strong></span> <span class='ocrx_word' id='word_1_232' title='bbox 1916 3703 1934 3733; x_wconf 90' lang='lat'><strong>,</strong></span> <span class='ocrx_word' id='word_1_233' title='bbox 1990 3655 2082 3736; x_wconf 68' lang='grc' dir='ltr'><em>[μ’.</em></span> <span class='ocrx_word' id='word_1_234' title='bbox 2139 3682 2144 3685; x_wconf 70' lang='grc'><strong>’</strong></span> 
     </span>
    </p>

    <p class='ocr_par' dir='ltr' id='par_1_9' title="bbox 538 3782 2645 3979">
     <span class='ocr_line' id='line_1_27' title="bbox 622 3782 2645 3874; baseline -0 -23"><span class='ocrx_word' id='word_1_235' title='bbox 622 3789 733 3874; x_wconf 76' lang='lat'><em>(2)</em></span> <span class='ocrx_word' id='word_1_236' title='bbox 781 3789 851 3850; x_wconf 90' lang='lat' dir='ltr'><em>L.</em></span> <span class='ocrx_word' id='word_1_237' title='bbox 899 3785 980 3848; x_wconf 82' lang='lat'><em>26</em></span> <span class='ocrx_word' id='word_1_238' title='bbox 1020 3790 1098 3851; x_wconf 87' lang='lat' dir='ltr'><em>D.</em></span> <span class='ocrx_word' id='word_1_239' title='bbox 1159 3788 1273 3866; x_wconf 83' lang='lat'><em>13,</em></span> <span class='ocrx_word' id='word_1_240' title='bbox 1324 3808 1360 3872; x_wconf 85' lang='lat'>7</span> <span class='ocrx_word' id='word_1_241' title='bbox 1410 3787 1542 3868; x_wconf 69' lang='lat' dir='ltr'><em>(de</em></span> <span class='ocrx_word' id='word_1_242' title='bbox 1584 3782 1766 3873; x_wconf 80' lang='lat' dir='ltr'><em>pign.</em></span> <span class='ocrx_word' id='word_1_243' title='bbox 1810 3786 2017 3870; x_wconf 85' lang='lat' dir='ltr'><em>act·)3</em></span> <span class='ocrx_word' id='word_1_244' title='bbox 2080 3782 2130 3851; x_wconf 88' lang='lat' dir='ltr'><em>l.</em></span> <span class='ocrx_word' id='word_1_245' title='bbox 2180 3808 2246 3868; x_wconf 82' lang='lat'><em>1,</em></span> <span class='ocrx_word' id='word_1_246' title='bbox 2289 3806 2368 3867; x_wconf 81' lang='lat'><em>2,</em></span> <span class='ocrx_word' id='word_1_247' title='bbox 2421 3787 2510 3850; x_wconf 83' lang='lat' dir='ltr'><em>C.</em></span> <span class='ocrx_word' id='word_1_248' title='bbox 2558 3785 2645 3871; x_wconf 78' lang='lat'><em>8,</em></span> 
     </span>
     <span class='ocr_line' id='line_1_28' title="bbox 538 3890 2132 3979; baseline -0.003 -18"><span class='ocrx_word' id='word_1_249' title='bbox 538 3915 616 3962; x_wconf 80' lang='lat'><em>22</em></span> <span class='ocrx_word' id='word_1_250' title='bbox 640 3945 657 3975; x_wconf 91' lang='lat'>‚</span> <span class='ocrx_word' id='word_1_251' title='bbox 701 3896 812 3976; x_wconf 88' lang='lat' dir='ltr'><em>(de</em></span> <span class='ocrx_word' id='word_1_252' title='bbox 845 3895 1135 3979; x_wconf 83' lang='lat' dir='ltr'><em>praetorio</em></span> <span class='ocrx_word' id='word_1_253' title='bbox 1179 3895 1514 3976; x_wconf 84' lang='lat' dir='ltr'><em>pignore).</em></span> <span class='ocrx_word' id='word_1_254' title='bbox 2125 3890 2132 3895; x_wconf 75' lang='grc'><strong><em>’</em></strong></span> 
     </span>
    </p>
   </div>
   <div class='ocr_carea' id='block_1_8' title="bbox 617 4002 2637 4129">
    <p class='ocr_par' dir='ltr' id='par_1_10' title="bbox 617 4002 2640 4129">
     <span class='ocr_line' id='line_1_29' title="bbox 617 4002 2637 4129; baseline 0 -40"><span class='ocrx_word' id='word_1_255' title='bbox 617 4027 726 4110; x_wconf 85' lang='grc'><em>(3)</em></span> <span class='ocrx_word' id='word_1_256' title='bbox 752 4025 823 4089; x_wconf 80' lang='lat'><em>1..</em></span> <span class='ocrx_word' id='word_1_257' title='bbox 858 4046 929 4089; x_wconf 87' lang='lat'><em>12</em></span> <span class='ocrx_word' id='word_1_258' title='bbox 948 4047 1048 4109; x_wconf 81' lang='lat' dir='ltr'><em>pr.</em></span> <span class='ocrx_word' id='word_1_259' title='bbox 1071 4070 1091 4105; x_wconf 88' lang='lat'>,</span> <span class='ocrx_word' id='word_1_260' title='bbox 1115 4026 1192 4088; x_wconf 91' lang='lat' dir='ltr'><em>D.</em></span> <span class='ocrx_word' id='word_1_261' title='bbox 1221 4020 1300 4104; x_wconf 77' lang='lat'><em>42</em></span> <span class='ocrx_word' id='word_1_262' title='bbox 1323 4072 1342 4106; x_wconf 84' lang='lat'>,</span> <span class='ocrx_word' id='word_1_263' title='bbox 1358 4024 1395 4088; x_wconf 84' lang='lat'><strong><em>5</em></strong></span> <span class='ocrx_word' id='word_1_264' title='bbox 1416 4073 1437 4106; x_wconf 88' lang='lat'>‚</span> <span class='ocrx_word' id='word_1_265' title='bbox 1455 4031 1485 4108; x_wconf 85' lang='grc'><strong>(</strong></span> <span class='ocrx_word' id='word_1_266' title='bbox 1503 4024 1581 4088; x_wconf 89' lang='lat' dir='ltr'><em>de</em></span> <span class='ocrx_word' id='word_1_267' title='bbox 1596 4024 1912 4129; x_wconf 28' lang='lat' dir='ltr'><em>reb.·auct.</em></span> <span class='ocrx_word' id='word_1_268' title='bbox 1936 4025 2160 4111; x_wconf 84' lang='lat' dir='ltr'><em>judicis</em></span> <span class='ocrx_word' id='word_1_269' title='bbox 2176 4002 2637 4117; x_wconf 74' lang='lat' dir='ltr'><em>possidendis).</em></span> 
     </span>
    </p>
   </div>
  </div>
 </body>
</html>
