2893 4778
583 269 615 315 1
634 264 722 316 10
920 258 1436 335 COMMENTARH
1467 259 1669 309 smus
1722 257 2012 311 ROMAM
2065 261 2385 311 PRIVATI-

665 382 917 454 Saeculo
972 380 1226 454 decimo
1277 393 1506 451 octavo
1576 406 1728 449 vero
1790 381 2304 474 jurisprudentiae
2369 383 2566 452 facies
2628 387 2710 452 in

479 527 488 532 ·
576 497 928 567 Germania
948 499 1181 564 mutari
1230 509 1435 588 coepta
1478 508 1571 562 est
1602 547 1619 576 ‚
1677 498 1747 561 in
1780 520 1857 563 eo
1903 500 2252 588 praesertim
2274 552 2292 579 ,
2344 512 2418 567 ut
2462 524 2711 568 novam

574 615 734 701 juris
756 611 1024 680 docendi
1047 612 1219 678 viam
1243 610 1484 676 inirent
1498 659 1516 690 ‚
1540 609 2082 703 emendandaeque
2111 613 2292 678 omni
2316 616 2476 702 juris
2494 615 2712 698 scien-

578 729 686 794 tiae
727 725 1073 793 tractandae
1118 729 1353 791 rationi
1393 725 1839 792 incumberent
1861 769 1889 805 ,
1935 738 1999 791 et
2035 750 2156 817 per
2198 728 2529 819 integrum
2567 728 2708 795 fere

523 836 528 842 ’
576 839 878 908 saeculum
918 839 1199 906 melioris
1256 836 1549 905 methodi
1584 833 1932 905 ⁴conamina
1985 839 2371 910 molirentur
2416 842 2705 909 Germa-

578 982 816 1025 norum
858 958 1012 1042 juris
1055 954 1362 1021 doctores.

666 1072 871 1138 Novae
933 1082 1151 1136 autem
1211 1067 1397 1154 hujus
1466 1069 1665 1135 aetati's
1694 1115 1705 1162 '.
1732 1070 1806 1134 in
1870 1068 2137 1136 historia
2202 1072 2358 1159 juris
2416 1072 2708 1137 scientiae

575 1182 804 1252 auctor
833 1186 1082 1277 primus
1118 1194 1254 1248 erat
1294 1180 1702 1248 Christianus
1729 1181 2112 1249 Thomasius
2138 1235 2154 1263 ‚
2192 1186 2532 1276 Lipsiensis
2547 1190 2707 1272 juris

580 1299 807 1366 doctor
850 1349 869 1376 ‚
932 1301 1110 1385 cujus
1165 1299 1371 1389 gratia
1431 1295 1773 1362 Halensem
1834 1298 2332 1365 Universitatem
2405 1300 2692 1365 instituit

580 1414 889 1481 Borussiae
945 1411 1240 1502 princeps
1278 1461 1295 1488 ‚
1353 1434 1524 1475 anno
1602 1408 1770 1499 1694
1825 1415 1962 1494 (1).
2031 1412 2154 1477 Hic
2215 1411 2700 1499 jurisconsultus

581 1524 999 1595 emendandae
1051 1504 1594 1615 jurisprudentiae·
1627 1525 1889 1589 rationis
1953 1537 2088 1591 erat
2149 1524 2638 1592 studiosissimus
2674 1552 2693 1611 3

585 1644 717 1733 ipse
768 1640 955 1733 plura
1011 1639 1342 1707 innovavit
1371 1642 1402 1717 ,'
1432 1637 1773 1730 pluresque
1816 1639 2095 1707 erudivit
2140 1638 2483 1731 discipulos
2515 1692 2532 1720 ,
2582 1642 2700 1731 qui

582 1754 868 1842 ejusdem
906 1756 1026 1822 viri
1067 1755 1241 1822 viam
1286 1753 1848 1844 persequebantur.
1893 1753 2143 1819 Primus
2186 1753 2524 1821 vernacula
2560 1752 2700 1818 lin-

540 1925 545 1930 .
591 1895 722 1962 gua
772 1867 994 1935 docuit
1026 1920 1043 1949 ,
1104 1866 1503 1958 diversasque
1543 1864 2060 1957 jurisprudentiae
2108 1881 2317 1959 partes
2356 1869 2706 1934 'accuratis-

587 1988 744 2049 sime
793 1981 1123 2072 distinctas
1144 2033 1161 2061 ,
1222 1982 1561 2073 separatim
1588 1980 1948 2046 tractandas
1973 2006 2100 2046 esse
2144 1984 2518 2050 monstravit
2550 2009 2569 2064 ς
2620 1979 2725 2048 de'

587 2104 726 2186 jure
772 2095 1050 2162 naturali
1092 2094 1444 2187 singulares
1485 2092 1786 2161 lectiones
1824 2094 2148 2162 habendas
2192 2096 2396 2164 voluit
2427 2147 2444 2176 ,
2494 2094 2703 2161 idem-

590 2236 715 2303 que
758 2209 839 2275 de
893 2213 1028 2296 jure
1078 2233 1344 2277 romano
1377 2193 1457 2275 ⁴et
1505 2213 1644 2296 jure
1691 2212 1899 2299 patrio
1931 2261 1948 2288 ,
1994 2209 2171 2301 quod
2212 2223 2562 2300 utrumque
2608 2233 2692 2276 ex

588 2326 854 2393 historia
900 2323 1199 2391 illustrari
1246 2321 1478 2388 debere
1522 2324 1789 2415 putavit.
1829 2324 2123 2417 Denique
2168 2326 2324 2412 juris
2341 2322 2711 2391 ·criminalis

540 2459 546 2464 ·
591 2455 657 2508 et
727 2440 969 2508 ordinis
1019 2439 1405 2529 judiciorum
1446 2490 1466 2520 ‚
1553 2464 1806 2507 necnon
1863 2428 2023 2529 juris
2082 2440 2326 2532 publici
2374 2443 2706 2532 propriam

591 2554 1099 2623 constituendam
1164 2554 1497 2619 scientiam
1564 2578 1691 2620 esse
1755 2557 2045 2634 censuit,
2105 2568 2170 2620 et
2231 2557 2716 2622 exercitationes

591 2671 899 2761 practicas
926 2677 1011 2737 ‚in
1060 2668 1596 2735 Universitatibus
1643 2667 2074 2735 instituendas,
2148 2670 2459 2738 Universa
2521 2672 2719 2757 juris·

592 2784 933 2875 prudentia
993 2781 1108 2848 tali
1156 2781 1349 2848 modo
1422 2781 1718 2849 ordinata
1750 2834 1772 2864 ‚
1833 2782 2074 2849 sactum
2133 2797 2279 2864 est,
2352 2796 2426 2850 ut
2490 2797 2719 2874 postea

594 2898 861 2988 singulae
918 2902 1051 2985 ejus
1113 2911 1323 2993 partes
1394 2912 1699 2990 tanquam
1756 2902 2030 2992 propriae
2096 2899 2442 2991 disciplinas
2505 2899 2721 2967 multo

595 3012 962 3104 diligentius
1016 3037 1212 3104 quam
1262 3025 1449 3077 antea
1495 3012 1855 3079 colerentur
1902 3026 1967 3078 et
2010 3037 2231 3082 revera
2278 3017 2435 3102 juris
2485 3039 2601 3081 ars
2649 3028 2726 3084 et

594 3127 845 3194 erudita
889 3130 1166 3193 scientia
1193 3128 1453 3192 ¹renasci
1498 3139 1723 3220 posset.

688 3242 863 3308 Cum
909 3241 1041 3329 ipse
1078 3265 1196 3332 per
1240 3241 1478 3332 viginti
1521 3242 1809 3333 quinque
1853 3267 2051 3307 annos
2094 3242 2164 3307 in
2214 3241 2323 3308 illa
2373 3245 2724 3310 Universi-

600 3369 727 3424 tate
757 3408 774 3435 ‚
834 3378 991 3421 mox
1055 3357 1126 3421 in
1180 3355 1525 3423 Germania
1591 3340 1841 3446 prima,
1905 3355 2158 3423 doceret
2232 3362 2372 3442 (m.
2432 3358 2662 3448 1728)
2708 3411 2728 3441 ,

599 3475 860 3560 ejusque
902 3468 1195 3559 discipuli
1228 3482 1294 3536 et
1335 3467 1607 3560 aequales
1641 3469 1883 3559 ubique
1915 3474 2053 3557 ejus·
2085 3470 2450 3562 exemplum
2485 3496 2732 3562 seque-

599 3597 825 3655 rentur
857 3635 874 3664 ‚
936 3584 1231 3650 effectum
1269 3597 1400 3663 est,
1451 3594 1526 3649 ut
1576 3607 1692 3674 per
1752 3594 1954 3648 totam
2015 3583 2427 3654 Germaniam
2475 3592 2731 3656 mutata

521 3789 525 3792 Α
602 3710 758 3766 esset
795 3695 1309 3789 jurisprudentiae
1359 3698 1525 3762 ratio
1570 3746 1588 3775 ,
1634 3720 1778 3787 quae
1828 3696 1998 3788 apud
2060 3696 2214 3764 alios
2260 3699 2544 3791 Europae
2593 3726 2728 3792 po-

607 3812 790 3904 pulos
832 3813 1258 3878 recentissime
1309 3808 1568 3875 demum
1617 3811 1817 3901 recipi
1863 3813 2073 3902 coepit.

694 4058 814 4141 (ι)
856 4058 954 4121 Ita
999 4056 1184 4138 Hugo
1215 4102 1236 4137 ‚
1281 4054 1311 4139 ᾗ
1352 4052 1886 4140 3763Haub01d,
1919 4078 1984 4118 n.
2039 4055 2225 4120 CLII.
