2893 4778
513 254 660 334 208
825 276 1339 334 commas-unu
1387 276 1592 327 sums
1645 277 1932 328 nonum
1984 280 2315 332 muvxrr.

510 415 585 470 ut
651 401 723 468 hi
780 426 853 468 ea
918 414 1223 493 tanquam
1293 399 1437 467 solis
1492 398 1613 467 sibi
1666 403 1927 495 propria
1990 415 2215 471 contra
2275 403 2634 498 quemlibet
2674 475 2683 492 1

507 517 798 608 persequi
853 516 1112 607 possint.
1168 514 1237 583 d.
1284 514 1343 579 E
1387 518 1710 602 contrario
1748 540 1946 606 ‘onera
1980 543 2236 611 quoque
2291 522 2442 601 (seu
2469 544 2632 587 mu·

507 638 705 716 nera)
764 631 1188 697 universitatis
1249 652 1434 696 causa
1493 629 1731 697 sodales
1783 629 1947 697 ferre
2003 631 2241 699 debent
2302 635 2433 701 sive
2470 660 2631 726 per-

507 743 751 816 sonalia
788 796 804 825 ,
866 747 996 812 sive
1049 746 1457 840 pecuniaria,
1506 745 1632 812 sive
1682 744 1883 811 mixta
1940 749 2114 829 (1),
2168 744 2373 813 veluti
2421 759 2496 812 ut
2546 746 2633 812 ad.

508 859 727 928 debita
757 857 1009 952 collegii
1031 853 1329 927 solvenda
1355 854 1689 924 conferant
1713 908 1728 937 ‚
1759 870 1966 923 cetera
2002 863 2072 943 (2
2106 865 2155 942 ).
2211 882 2269 923 e.
2303 857 2505 948 Quod
2543 859 2632 927 ad

471 1059 472 1062 Ἴ
510 955 806 1068 praesides
850 997 1001 1043 vero
1041 971 1143 1040 vel
1187 970 1726 1039 administratores
1774 971 2001 1038 attinet
2019 1023 2035 1053 ‚
2098 996 2323 1038 eorum
2354 997 2631 1066 „quoque

508 1093 654 1178 jura
702 1099 767 1153 et
804 1087 1011 1156 officia
1065 1077 1489 1152 universitatis
1524 1084 1664 1179 lege
1710 1083 1969 1161 definiri,
2013 1085 2238 1153 solent.
2285 1085 2504 1179 Vulgo
2555 1088 2657 1160 hi,

509 1213 882 1269 curatorum
936 1195 1018 1264 ad
1054 1200 1254 1264 instar
1304 1198 1494 1264 rebus
1533 1198 1980 1268 communibus
2030 1223 2291 1291 praeesse
2356 1198 2591 1266 debent
2612 1251 2632 1281 ‚
2652 1177 2667 1184 ⁸

510 1313 783 1380 eandem
838 1310 1237 1408 diligentiam
1283 1307 1586 1377 adhibere
1642 1325 1708 1378 et
1748 1310 2058 1377 damnum
2120 1310 2311 1404 culpa
2353 1336 2471 1379 sua
2526 1312 2636 1382 vel

513 1426 906 1520 negligentia
951 1422 1200 1491 illatum
1238 1424 1468 1493 eodem
1509 1425 1703 1492 modo
1748 1425 2048 1492 resarcire
2095 1424 2234 1511 (3).

576 1619 612 1707 ς
672 1618 798 1686 IV.
866 1613 1440 1707 Quemadmodum
1513 1617 1589 1685 U
1584 1620 1932 1682 mbersitas
1991 1620 2401 1682 constituitur·
2439 1614 2567 1684 vel

1377 1727 1768 1796 dissolvitur.

609 1920 718 1988 62.
765 1918 1193 1989 Constituitur
1234 1919 1609 1985 universitas
1641 1931 1752 1985 aut
1793 1919 2042 2011 privata
2075 1919 2499 1987 conventione
2522 1919 2635 1985 oui

515 2033 774 2128 publica
804 2033 1204 2101 confirmatio
1246 2030 1524 2112 accedit,
1570 2045 1683 2099 aut
1708 2034 1939 2099 summi
1976 2033 2044 2098 in
2081 2034 2337 2100 civitate
2378 2034 2633 2125 imperii

459 2173 462 2178 ·
514 2154 690 2240 jussu
724 2148 1100 2240 instituitur.
1150 2146 1250 2211 De
1285 2132 1666 2238 recipiendis
1708 2148 1889 2213 novis
1930 2145 2246 2212 sodalibus
2280 2146 2446 2239 leges
2482 2148 2633 2216 uni-

517 2265 828 2333 versitatis
891 2275 1163 2328 statuere
1220 2259 1425 2327 solent
1510 2260 1643 2345 (4).
1697 2261 1808 2327 An
1866 2259 2093 2352 aliquis
2153 2257 2429 2327 duarum
2476 2259 2632 2352 plu-

515 2380 767 2445 riumve
802 2401 1149 2471 corporum
1188 2376 1393 2443 socius
1438 2398 1564 2441 esse
1589 2376 1817 2468 possit,
1863 2372 2146 2468 generali
2178 2398 2417 2449 norma.
2439 2377 2634 2443 statui

514 2514 655 2571 non
706 2505 909 2585 potest
958 2490 1108 2577 (5).
2554 2500 2559 2505 '

603 2737 689 2820 (ι)
729 2738 799 2797 L.
834 2734 906 2798 18
953 2755 1050 2820 pr.
1103 2734 1133 2819 §
1173 2756 1319 2821 1‘27
1341 2784 1361 2813 ,
1389 2737 1466 2796 D.
1497 2735 1576 2797 50
1601 2786 1619 2815 ,
1651 2737 1727 2817 43
1758 2738 2085 2827 Westenb.
2113 2786 2135 2821 ‚
2165 2740 2252 2800 ib.
2281 2739 2310 2822 §
2339 2738 2376 2800 5
2405 2749 2470 2799 et
2499 2760 2630 2821 seq.

603 2846 712 2925 (α)
757 2844 811 2903 J.
833 2844 912 2904 G.
953 2843 1176 2909 Baueri
1201 2842 1482 2926 opuscul.
1515 2845 1589 2904 T.
1631 2867 1701 2921 1,
1727 2868 1790 2927 p.
1832 2865 2124 2929 171-191.
2161 2847 2258 2907 De
2289 2848 2427 2910 cive
2464 2867 2632 2909 novo

521 2951 604 3016 ad
647 2948 893 3012 collect.
937 2949 1020 3011 ob
1058 2950 1256 3010 debit.
1305 2952 1544 3012 civitat.
1592 2950 1752 3013 solv.
1789 2951 2083 3035 obligato.

604 3056 713 3140 (3)
753 3057 826 3116 L.
869 3078 943 3133 α,
998 3056 1029 3139 §
1072 3076 1154 3134 2,
1218 3055 1262 3118 l.
1326 3056 1439 3134 16,
1503 3058 1551 3120 l.
1626 3060 1697 3121 18
1742 3063 1821 3122 D.
1872 3062 1984 3138 50,
2024 3062 2083 3124 8.
2152 3063 2269 3144 (de
2309 3061 2627 3123 administ.

516 3184 640 3229 rer.
666 3162 747 3226 ad
782 3164 952 3227 civit.
982 3165 1208 3247 pertin.
1255 3166 1301 3246 ).
1342 3164 1717 3248 Diligentius
1746 3167 1875 3229 haec
1897 3181 2278 3259 pertractant
2298 3169 2628 3231 Westenb.

518 3271 659 3335 eod.
708 3273 809 3332 t-it.
845 3270 1169 3348 ,Thibaut
1211 3271 1241 3356 ᾗ
1277 3275 1602 3350 222—223‚
1638 3295 1704 3335 v.
1753 3275 2036 3357 Wem'ng
2083 3276 2113 3359 ς
2169 3278 2301 3338 ιο3.

602 3377 823 3459 (ML.
859 3398 955 3459 pr.
990 3376 1204 3461 §2D·
1234 3377 1440 3459 5o,1.
1491 3379 2029 3466 (admunicip);
2083 3383 2130 3443 1.
2165 3404 2246 3470 γ,
2287 3383 2357 3444 C.
2407 3404 2518 3461 ιο,
2553 3384 2636 3467 39

509 3484 642 3569 (de
683 3483 907 3547 incolis
946 3505 1072 3568 seq.
1090 3486 1138 3568 ).

603 3592 706 3673 (5)
746 3591 825 3653 V.
855 3590 1166 3667 Schilter,
1207 3592 1477 3654 Exercit.
1510 3593 1591 3654 ad
1617 3594 1818 3656 Pand.
1851 3594 1954 3656 N.
1991 3594 2110 3679 49,
2146 3596 2175 3680 §
2199 3593 2277 3675 54
2304 3645 2321 3674 ,
2361 3597 2464 3660 55.
2508 3598 2632 3659 Pro

513 3700 807 3781 negativa
840 3697 1134 3781 opinione
1152 3698 1346 3784 vulgo
1375 3703 1694 3779 citantur-3
1721 3701 1794 3764 L.
1841 3700 1949 3780 14,
1979 3692 2070 3786 §⁶1
2098 3751 2115 3781 ‚
2145 3703 2216 3763 C.
2250 3724 2275 3764 1
2297 3751 2316 3781 ,
2355 3702 2429 3765 51
2471 3752 2489 3782 ‚
2515 3705 2631 3785 (de

518 3805 955 3884 assessorib.)';
1001 3803 1049 3865 l.
1100 3826 1204 3879 ιο,
1261 3805 1291 3887 §
1340 3825 1363 3865 1
1396 3852 1418 3882 ,ν
1482 3807 1550 3867 C.
1591 3808 1660 3867 1'2
1693 3850 1711 3879 ,
1766 3827 1838 3889 ¹9
1901 3807 2020 3887 (de
2055 3811 2351 3890 proximis
2401 3832 2625 3872 sacror.

519 3914 707 3972 scrin.
737 3912 802 3992 >3
833 3909 879 3972 l.
906 3912 943 3972 5
969 3958 986 3986 ,
1022 3933 1118 3993 pr.
1143 3913 1218 3974 C.
1262 3932 1332 3972 12
1357 3959 1374 3987 ‚
1420 3910 1498 3989 34
1521 3959 1538 3989 ,
1580 3915 1736 3995 (qui
1769 3912 2042 3975 militare
2076 3929 2336 3997 possunt
2361 3964 2377 3992 ‚
2411 3929 2529 3978 etc.
2562 3921 2629 4000 );

513 4015 565 4080 l.
597 4039 624 4078 ι
660 4066 677 4096 ,
703 4016 738 4101 ,ς
762 4039 802 4078 2
823 4065 842 4098 ‚
868 4019 949 4081 D.
979 4016 1058 4103 47
1091 4065 1108 4097 ,
1141 4039 1217 4081 22
1238 4019 1412 4101 ,(de
1431 4042 1604 4105 corp.
1638 4031 1700 4085 et
1728 4019 2022 4107 colleg.)*3
2060 4021 2365 4105 Thibaut,
2394 4025 2425 4111 §
2449 4045 2589 4110 2¹9·
