2893 4778
951 358 1472 411 mmmmm-10.
2203 329 2302 431 89

115 559 118 564 ,
189 489 470 584 ιοΡῑίοεω
519 486 1112 580 interpretationes,
1170 484 1363 558 verba
1416 481 1638 572 legum
1674 479 1883 573 potius
1921 501 2118 569 quam
2147 481 2302 565 juris

188 608 498 672 rationem
526 612 980 696 prosequentes
1002 651 1020 679 ‚
1049 596 1619 689 jurisprudentiam
1663 594 1891 659 rudem
1932 593 2300 659 barbaram-
2350 611 2353 614 ·

171 723 302 812 'que
333 718 761 786 reddiderunt
782 767 798 795 ,
820 719 1078 806 ejusque
1106 711 1390 779 studium
1418 710 1913 800 corrumpebant
1934 759 1950 787 ,
1983 722 2059 774 ut
2079 733 2300 774 renas·-

188 837 470 899 centium
516 832 846 898 literarum
870 829 1280 918 antiquarum
1306 823 1580 893 cultores
1619 837 1961 898 coaetaneos
1995 826 2152 909 juris
2187 833 2304 914 pe4

190 943 852 1013 ritos'contemnerent
887 954 951 1007 et
976 942 1416 1007 abhorrerent.
1469 938 1781 1005 Genuinis
1823 939 1976 1023 luris
2018 935 2305 1003 sontibus

191 1063 495 1156 neglectis
541 1113 560 1142 ,
622 1071 956 1152 perpetuas
1012 1058 1089 1123 de
1160 1057 1357 1149 glossa
1424 1053 1835 1120 doctorumve
1894 1052 2304 1143 opinionibus

191 1178 534 1245 movebant
592 1173 1043 1241 controversias
1073 1224 1089 1251 ‚
1151 1194 1424 1261 cumque
1485 1171 1904 1259 interpretum
1956 1190 2255 1231 numerus
2283 1217 2303 1248 ,

197 1290 637 1382 multiplicatis
683 1286 1217 1354 Universitatibus
1247 1336 1261 1363 ,
1295 1282 1478 1352 valde
1518 1295 1671 1348 esset
1710 1296 1926 1348 auctus
1962 1332 1978 1361 ‚
2019 1282 2301 1350 maxima

195 1404 333 1471 inde
382 1406 457 1469 in
509 1402 745 1470 sorensi
791 1425 912 1466 usu
964 1401 1123 1487 juris
1170 1395 1555 1464 incertitudo
1612 1409 1753 1461 orta
1807 1409 1915 1461 est.
1976 1394 2103 1461 Cui
2146 1398 2302 1481 juris

191 1518 546 1585 confusioni
595 1515 705 1581 tali
748 1515 940 1581 modo
979 1514 1176 1579 finem
1223 1516 1549 1605 imponere
1586 1512 2014 1591 laborabant,
2056 1524 2131 1576 ut
2168 1509 2302 1574 illas

197 1635 522 1724 opiniones
579 1653 757 1695 nosse
810 1642 876 1695 et
917 1628 1309 1720 proclamare
1350 1626 1680 1693 studerent
1721 1678 1738 1706 ‚
1801 1651 1941 1718 quae
1982 1651 2016 1690 a
2062 1630 2299 1706 maiore

198 1759 525 1812 auctorum
546 1768 817 1811 numero
847 1743 1428 1834 comprobabantur
1451 1793 1467 1822 ,
1501 1756 1565 1834 et
1601 1756 1907 1834 tanquam
1935 1762 2305 1807 communes

197 1861 523 1951 opiniones
569 1883 688 1951 pro
733 1857 873 1951 lege
913 1860 1449 1928 custodiebantur.

279 1974 522 2041 Extitit
576 1987 791 2039 autem
835 1973 1059 2041 saeculo
1087 1976 1249 2070 XIV
1278 1998 1442 2041 unus
1464 2027 1480 2054 ‚
1534 1979 1710 2063 cujus
1757 1977 2094 2042 auctoritas
2136 1998 2302 2065 prae-

197 2087 388 2155 valuit
422 2141 442 2170 ‚
485 2102 571 2155 ‘et
626 2093 807 2185 cujus
866 2091 1188 2155 sententiae
1244 2115 1375 2182 prae
1433 2092 1668 2157 caeteris
1715 2091 2187 2181 recipiebantur
2235 2097 2304 2154 et

200 2202 794 2295 comprobabantur.
845 2204 1004 2270 Erat
1038 2202 1142 2270 ille
1178 2203 1621 2272 famosissimus
1652 2206 1969 2271 BAnroms
2023 2229 2059 2269 a
2090 2203 2300 2269 Saxo-

200 2318 425 2388 serrato
468 2326 489 2408 (
525 2333 708 2386 natus
759 2319 918 2385 1313
944 2373 960 2401 ‚
1003 2345 1087 2386 m.
1143 2320 1357 2406 1356)
1404 2372 1420 2403 ,
1482 2321 1597 2413 qui
1637 2320 1862 2385 saeculo
1904 2343 2017 2385 suo
2064 2340 2299 2383 nomen

203 2435 368 2501 dedit
411 2438 483 2501 in
532 2434 1038 2528 jurisprudentiae
1078 2437 1339 2503 historia
1372 2488 1389 2516 ‚
1439 2434 1755 2527 hodieque
1792 2437 1958 2500 inter
2003 2420 2303 2525 pragma-¹

201 2550 343 2615 ticos
392 2550 632 2617 famam
687 2564 876 2616 suam'
908 2553 1304 2619 conservavit
1353 2559 1502 2637 (1).
1569 2552 1693 2617 Hic
1745 2555 1813 2616 in
1866 2564 2000 2616 arte
2059 2549 2301 2614 dialec-

203 2664 317 2729 tica
364 2660 888 2731 scholasticorum
939 2667 1388 2733 versatissimus
1433 2719 1450 2746 ‚
1506 2680 1645 2732 tum
1693 2667 1761 2732 in
1801 2664 2091 2757 pluribus
2145 2663 2302 2750 juris

201 2778 420 2844 scholis
465 2778 756 2846 docendo
792 2830 808 2857 ‚
862 2792 999 2846 tum
1056 2781 1128 2845 in
1170 2782 1414 2873 scriptis
1455 2782 1582 2846 suis
1624 2782 1793 2847 miro
1838 2778 2109 2846 artificio
2151 2803 2300 2844 om-

202 2895 300 2957 nia
331 2892 414 2958 ad
462 2917 647 2959 usum
688 2891 1001 2960 forensem
1036 2892 1353 2961 deducens
1379 2946 1396 2974 ‚
1439 2893 1708 2986 aequales
1745 2919 1891 2960 suos
1936 2895 2296 2986 superavit3

201 3020 268 3071 ut
284 3011 418 3092 ejus
438 3006 803 3098 exemplum
822 3032 1038 3074 omnes
1060 3010 1465 3076 imitarentur
1482 3061 1499 3089 ‚
1530 3009 1988 3101 opinionesque
2015 3009 2208 3099 ipsius
2228 3019 2302 3073 ut

202 3143 567 3187 communes
612 3119 1038 3189 defenderent.
1085 3123 1387 3190 Claruere
1426 3130 1537 3208 (2)
1579 3126 1746 3190 inter
1789 3126 1925 3209 ejus
1961 3120 2302 3212 discipulos

205 3246 263 3299 et
299 3247 636 3302 sectatores
673 3235 1051 3327 perplurimi
1086 3262 1280 3328 usque
1320 3237 1400 3303 ad
1445 3235 1730 3312 medinm
1765 3234 2067 3303 saeculum
2103 3235 2266 3302 XVI
2286 3286 2304 3315 ,

206 3348 366 3414 inter
397 3362 561 3440 quos
597 3352 913 3416 nominari
947 3350 1223 3417 debent:
1259 3350 1488 3418 Baldus
1523 3352 1604 3418 de
1631 3350 1899 3419 Ubaldis
1942 3356 2062 3435 (m'.
2095 3348 2296 3432 1400)
2393 3433 2396 3436 ἦ

204 3462 697 3534 Bartholomaeus
748 3463 1055 3537 Salicetus,
1114 3473 1142 3554 (“
1171 3491 1255 3533 ιιι.
1312 3466 1530 3554 ι4ι2)
1574 3509 1602 3546 ,
1662 3464 1894 3555 Paulus
1952 3463 2300 3535 Castrensis

278 3814 385 3895 (1)
417 3816 671 3877 Bern'at
689 3814 1024 3890 st.-Pr1·oe,
1045 3812 1093 3875 l.
1121 3812 1530 3891 c3Haubold‚
1557 3834 1618 3894 p.
1638 3811 1852 3892 44-45.
1884 3812 2090 3894 Opera
2108 3810 2298 3895 vulgo

207 3915 263 3978 V
306 3921 429 3984 vol.
482 3921 593 3986 fol.
645 3943 799 4006 saepe
843 3942 1063 3986 excusa
1106 3930 1253 3986 sunt
1292 3941 1313 4002 3
1363 3921 1695 3984 novissime
1757 3917 2039 3986 Venetiis
2090 3917 2242 3986 1615
2268 3959 2296 4002 ρ

209 4031 405 4096 Tomis
453 4036 563 4098 XI.

285 4164 390 4249 (α)
431 4164 802 4233 Accuratius
847 4166 926 4231 de
973 4168 1053 4231 iis
1081 4177 1321 4245 ‘tractat
1367 4166 1640 4233 Graviua
1676 4213 1692 4243 ‚
1738 4165 1781 4228 1.
1833 4190 1886 4230 c.
