2893 4778
582 352 683 440 54
908 370 1425 427 comum-nn
1475 375 1677 426 sums
1727 374 2012 428 nomm
2062 372 2382 427 rnrvAvrr.

576 485 885 593 scriptum
926 500 1212 568 referunt
1230 551 1250 582 ,
1293 501 1609 592 hujusque
1655 500 1980 595 exemplar
2027 526 2177 568 eum
2216 503 2408 571 fuisse,
2459 499 2706 571 volunt.

582 612 880 682 Rationes
929 627 1141 681 autem
1200 615 1285 681 ob
1312 610 1315 615 ’
1347 639 1504 707 quas
1557 639 1776 681 omnes
1845 616 2050 681 critici
2105 616 2521 708 Digestorum
2584 618 2702 682 in·-

579 723 883 821 terpretes
918 740 982 795 et
1008 727 1281 795 editores
1322 728 1479 794 huic
1535 728 1739 796 codici
1783 741 2030 795 tantam
2074 729 2422 798 tribuerint
2465 726 2726 797 aucto-⁷

581 845 835 909 ritatem
872 887 901 921 ,
972 841 1077 906 hae
1132 854 1323 921 sunt,
1391 840 1568 933 quod
1631 830 2124 936 'pulchritudine
2192 857 2260 910 et
2328 839 2701 935 integritate

580 957 749 1021 inter
801 979 1018 1021 omnes
1080 957 1624 1047 praestantissimus
1671 969 1763 1022 est
1791 1007 1811 1038 ‚
1858 969 1926 1023 et
1968 960 2349 1024 cunctorum
2399 955 2700 1024 codicum

583 1071 698 1161 qui
741 1081 1042 1160 superant
1072 1120 1091 1152 ,
1163 1069 1302 1136 fons
1360 1072 1717 1137 communis
1785 1082 1851 1137 et
1900 1070 2279 1164 archetypus
2337 1069 2522 1137 fuisse
2587 1072 2702 1137 vi-

583 1182 793 1248 detur.
862 1181 1032 1248 Nam
1076 1180 1362 1274 plurium
1414 1183 1703 1251 locorum
1758 1181 1949 1251 lectio
2015 1184 2354 1251 florentina
2386 1235 2402 1263 ,
2466 1185 2697 1250 vitiosa

578 1320 742 1390 saepe
780 1348 798 1377 ,
861 1298 932 1363 in
950 1380 967 1395 f
987 1282 1279 1365 omnibus
1333 1302 1650 1392 reperitur
1714 1299 2040 1368 codicibus
2085 1352 2103 1381 ,
2176 1295 2698 1391 transpositiones

582 1413 742 1480 adeo
777 1438 927 1480 casu
969 1416 1041 1478 in
1091 1413 1202 1480 illo
1243 1414 1428 1481 factae
1462 1465 1480 1495 ‚
1527 1439 1644 1508 per
1703 1408 2148 1508 ignorantiam
2192 1415 2693 1482 describentium

586 1531 657 1594 in
708 1527 983 1620 reliquos
1031 1527 1274 1595 codices
1337 1530 1699 1622 migrarunt
1756 1520 1920 1614 (1*)3
1995 1529 2145 1597 inde
2209 1528 2320 1595 illa
2379 1530 2599 1621 opinio
2658 1555 2703 1605 a

585 1639 802 1708 multis
859 1639 1112 1708 defensa
1158 1668 1175 1707 z
1228 1639 1578 1708 Pandectas
1620 1665 1754 1707 non
1809 1643 1929 1707 nisi
1992 1643 2065 1707 in
2112 1641 2239 1708 hoc
2298 1639 2514 1708 codice
2564 1665 2736 1723 esse

583 1766 854 1821 servatas
879 1802 899 1833 ‚
943 1757 1201 1846 ejusque
1239 1741 1488 1819 textum
1525 1753 1731 1822 solum
1770 1765 1995 1822 verum
2034 1777 2192 1832 esse,
2227 1752 2506 1846 legisque
2569 1754 2702 1819 ha-

586 1868 735 1933 bere
772 1866 999 1941 debere
1029 1869 1468 1954 auctoritatem
1507 1871 1532 1951 ζ
1544 1891 1582 1933 2
1595 1875 1636 1953 ).
1685 1866 1862 1933 Cum
1895 1880 2109 1934 autem
2138 1893 2372 1960 magna
2406 1866 2700 1935 lectionis

587 1979 910 2046 diversitas
956 1982 1302 2046 innumeris
1355 1981 1422 2046 in
1482 1979 1636 2046 locis
1687 1994 1864 2048 extat
1920 1983 1990 2047 in
2051 1980 2272 2046 ceteris
2321 1968 2704 2061 codicibus}

588 2118 731 2185 quae
762 2119 907 2160 casu
954 2095 1048 2159 ibi
1103 2096 1314 2162 venire
1368 2118 1502 2161 non
1532 2096 1781 2186 potuit,
1845 2093 1954 2160 alii
2007 2107 2290 2161 auctores
2331 2092 2506 2160 illam
2555 2097 2708 2187 opi-

591 2210 853 2275 nionem
890 2209 1187 2296 rejiciunt
1225 2207 1359 2292 (3).

582 2346 586 2353 ’
636 2372 639 2375 Α
681 2320 847 2411 Quae
879 2323 1303 2391 controversia
1335 2323 1565 2389 nostris
1598 2320 1821 2388 diebus
1858 2320 2067 2389 denuo
2103 2323 2384 2387 examini
2414 2321 2705 2412 subjecta

593 2462 630 2503 a
655 2438 1177 2528 praestantissimis
1210 2440 1364 2523 juris
1398 2438 1846 2529 interpretibus
1883 2440 1973 2503 ita
2009 2435 2300 2505 solvitur.
2348 2437 2425 2502 In
2450 2438 2626 2504 bono
2659 2477 2705 2489 -

592 2553 800 2620 niensi
842 2554 1000 2642 juris
1037 2554 1290 2619 romani
1339 2549 1556 2617 schola
1608 2578 1645 2617 a
1698 2551 2070 2620 doctoribus
2117 2575 2529 2624 communem
2584 2576 2703 2617 re·-

593 2672 955 2734 censionem
998 2665 1185 2732 fuisse
1219 2665 1487 2745 factam,
1521 2666 1588 2731 in
1632 2691 1757 2761 qua
1797 2664 1901 2734 ille
1954 2688 2218 2732 summae
2268 2664 2455 2731 famae
2492 2665 2703 2735 codex

676 2953 783 3038 (ι)
826 2957 1246 3026 Memorabilis
1277 2960 1680 3041 transpositio
1708 2957 1938 3020 ultimae
1976 2967 2039 3017 et
2075 2954 2431 3044 penultimae
2458 2955 2703 3036 paginae

596 3087 779 3127 causa
834 3078 937 3127 est
973 3114 991 3144 ,
1049 3077 1125 3131 ut
1172 3068 1239 3132 in
1287 3067 1522 3127 omnib.
1587 3065 1766 3148 reliq.-
1806 3064 2124 3126 codicibus
2191 3074 2255 3122 et
2304 3065 2372 3123 in
2432 3060 2700 3122 edition.

595 3173 749 3235 ordo
784 3174 1003 3257 fragm.
1058 3171 1320 3240 158-182
1344 3221 1360 3248 ‚
1417 3177 1485 3238 in
1529 3172 1713 3236 titulo
1756 3173 1834 3233 de
1892 3195 2020 3256 reg.
2068 3174 2190 3253 jur.
2230 3190 2557 3253 perversus
2593 3172 2706 3232 sit.

595 3280 760 3341 Vide
795 3282 983 3360 Hugo
1021 3279 1522 3366 Encyclopoedie,
1567 3280 1663 3342 ed.
1702 3279 1807 3340 V⁸.
1826 3319 1855 3355 ,
1894 3302 1957 3363 p.
2009 3276 2141 3362 ¹75·

679 3381 787 3470 (2)
841 3386 1203 3448 Defendunt
1254 3386 1384 3447 haec
1455 3386 1797 3447 Balduinus
1831 3433 1856 3462 „
1917 3386 2164 3445 Miraeus
2208 3432 2226 3459 ‚
2297 3380 2700 3470 Taurellius,

595 3492 856 3556 Contius
878 3492 1215 3567 ‚Huberus
1237 3541 1253 3570 ‚
1296 3493 1721 3568 Burmannus,
1758 3490 2087 3573 Guadagni
2130 3489 2244 3571 (de
2273 3488 2406 3549 flor.
2453 3486 2710 3569 codice)

598 3611 664 3663 et
718 3602 1140 3674 recentissime
1201 3600 1394 3662 celeb.
1444 3599 1881 3683 Smallenburg
1947 3599 2154 3681 (Notae
2198 3596 2577 3677 Schultingii
2620 3596 2708 3658 ad

594 3707 940 3788 Pandectas
958 3708 1033 3768 T.
1073 3729 1096 3767 1
1132 3707 1365 3790 praefat.
1382 3708 1553 3791 Lugd
1573 3708 1788 3770 Batav.
1822 3705 2035 3789 1804).
2062 3706 2315 3767 Berriat
2348 3704 2657 3765 ‚Sa-Prisc
2677 3746 2711 3782 ,

598 3810 642 3877 l.
684 3833 738 3872 c.
765 3859 782 3888 ‚
821 3834 885 3894 p.
930 3810 1069 3889 245.

684 3917 795 4000 (3)
838 3920 1162 3981 Duarenus
1191 3966 1207 3995 ‚
1237 3918 1519 4001 Cujacius
1550 3965 1569 3995 ‚
1608 3919 1878 3981 Gravina
1904 3966 1921 3994 ,
1966 3916 2206 3979 Grandi
2237 3912 2538 3997 (epistola
2578 3913 2648 3996 k)
2686 3964 2705 3990 ‚

597 4023 844 4083 Donato
896 4020 1099 4083 d’Asti
1122 4066 1140 4096 ,
1207 4020 1492 4105 Wieling
1540 4033 1605 4084 et
1655 4024 2027 4085 recentiores
2074 4021 2201 4082 fere
2245 4039 2482 4082 omnes.
2534 4015 2709 4081 Vide

597 4128 1085 4212 Spangenberg,
1131 4150 1197 4211 p.
1242 4125 1545 4212 407-408.
