2893 4778
505 309 667 419 372
832 296 1352 392 conturna
1401 338 1604 388 sums
1654 338 1940 389 noum
1989 334 2306 389 pamm.

504 468 765 536 ratione
827 464 1088 532 fortasse
1141 484 1289 533 eam
1354 460 1745 528 distraxerit.
1800 463 1969 529 Nam
2023 460 2145 555 qui
2193 471 2287 529 rei
2335 461 2631 531 alienata!

523 577 817 649 dominus
880 592 1017 646 erat
1051 631 1070 659 ‚
1138 576 1419 666 ejusdem
1490 590 1999 669 comparatorem
2058 578 2425 670 'inquietare
2493 602 2628 646 non

517 708 768 788 potest,
824 694 935 760 sed
995 693 1260 759 fiscum
1281 690 1681 758 solummodo
1737 692 1986 761 actione
2071 690 2384 784 personali
2457 695 2631 761 intra

518 809 1015 910 quadriennium
1047 805 1386 871 convenire
1417 808 1550 887 (ι).

615 922 767 990 232.
811 920 1112 987 Liberam
1146 916 1226 984 de
1262 917 1449 983 rebus
1490 917 1617 982 suis
1657 914 2035 1008 disponendi
2081 916 2448 985 facultatem
2493 942 2632 986 non

517 1039 858 1120 habentes,
916 1037 1278 1111 dominium
1307 1032 1646 1099 transferre
1676 1057 1809 1097 non
1848 1055 2026 1123 posse
2069 1056 2150 1097 ex
2194 1033 2269 1097 iis
2306 1035 2628 1123 sequitur,

522 1176 671 1248 quae
749 1140 940 1245 supra
1011 1156 1145 1236 (ηο.
1203 1153 1365 1237 209)
1436 1145 1516 1212 de
1588 1142 1909 1219 alienandi
1986 1142 2284 1210 facultate
2341 1147 2629 1212 restricta

522 1268 805 1336 diximus
855 1272 932 1352 (2
955 1273 996 1349 ).
1044 1263 1455 1356 Quibusnam
1509 1262 1788 1352 personis
1843 1283 1918 1324 ea
1970 1257 2219 1326 ademta
2262 1260 2341 1325 sit
2366 1308 2386 1339 ‚
2440 1283 2633 1352 opor-

521 1378 802 1450 sumitate
830 1377 977 1445 data
996 1427 1013 1458 ‚
1041 1374 1486 1441 indicabimus.
1526 1368 1894 1463 Aliquando
1935 1369 2198 1438 traditio
2239 1372 2319 1436 ab
2352 1372 2427 1438 iis
2465 1371 2635 1440 facta

523 1490 885 1561 revocabile
935 1487 1232 1556 transfert
1260 1486 1637 1554 dominium.

624 1606 776 1674 233.
821 1606 959 1697 Ipsa
996 1602 1254 1670 traditio
1277 1653 1295 1679 ‚
1342 1624 1485 1692 quae
1521 1596 1772 1691 perficit
1816 1596 2215 1665 alienationis
2255 1601 2583 1692 negotium
2608 1653 2625 1677 ‚

524 1719 623 1790 nil
647 1733 742 1786 est
773 1720 894 1784 nisi
928 1716 1329 1810 possessionis
1356 1715 1450 1779 rei
1478 1709 1805 1779 tradendae
1834 1713 1904 1777 in
1944 1716 2270 1804 acquirere
2307 1710 2632 1780 volentem
2682 1738 2689 1743 ”

537 1830 885 1902 translatio.
915 1828 1011 1896 Ea
1033 1851 1167 1895 non
1190 1829 1656 1895 interveniente
1677 1824 1994 1892 alienandi
2018 1825 2311 1894 voluntas
2334 1832 2471 1914 jure
2498 1842 2633 1894 rata

525 1970 666 2016 non
702 1957 838 2029 est3
891 1941 1063 2010 unde
1090 1940 1252 2013 illud
1282 1942 1394 2026 (3)
1435 1968 1453 2006 ε
1504 1970 1532 2000 u
1569 1938 2022 2007 traditionibus
2055 1953 2122 2006 et
2142 1943 2635 2039 usucapionibus

541 2088 570 2122 a
596 2083 715 2127 nec
737 2056 927 2124 nudis
946 2062 1144 2150 pactis
1166 2078 1382 2122 rerum
1404 2053 1691 2120 dominio
1714 2052 2182 2120 transferuntur
2207 2084 2235 2114 »ι
2266 2056 2384 2140 (4).
2415 2054 2637 2122 Multis

531 2174 740 2244 modis
787 2171 963 2240 illam
1013 2171 1151 2237 fieri
1202 2195 1378 2263 posse
1426 2194 1507 2235 ex
1553 2169 1629 2233 iis
1685 2165 2014 2258 colligitur
2041 2219 2059 2248 ,
2109 2191 2252 2260 quae
2308 2170 2378 2233 in
2427 2169 2633 2259 primo

533 2288 768 2357 horum
799 2285 1430 2354 Commentariorum
1482 2280 1650 2347 libro
1701 2280 1780 2346 de
1826 2281 2211 2373 acquirenda
2260 2284 2634 2374 possessione

536 2405 940 2496 exposuimus
1006 2405 1190 2491 (cap.
1242 2400 1360 2467 IV.
1391 2397 1512 2463 ¹n³⁸.
1567 2423 1589 2463 1
1615 2402 1942 2480 10-121);
2012 2421 2095 2464 ex
2151 2398 2380 2489 quibus
2414 2409 2628 2487 patet,

533 2517 739 2583 varias
792 2512 925 2582 illas
991 2507 1408 2586 traditionum
1470 2508 1902 2575 distinctiones
1963 2510 2033 2575 in
2093 2533 2274 2576 veras
2307 2558 2327 2590 ‚
2398 2508 2572 2575 fictas
2611 2561 2633 2588 0

532 2626 908 2720 symbolicas
927 2674 946 2706 ,
1001 2624 1274 2716 aliasque
1304 2675 1320 2702 ‚
1365 2624 1448 2688 ab
1493 2622 1788 2688 omnibus
1831 2621 1961 2688 fere
2012 2621 2365 2689 forensibus
2407 2635 2632 2688 aucto-

532 2745 712 2812 ribus
750 2755 1031 2836 receptas
1073 2740 1186 2829 (5)
1212 2792 1230 2823 ‚
1276 2739 1428 2809 falsa
1466 2740 1619 2828 juris
1653 2739 1903 2808 romani
1942 2739 2459 2830 interpretatione
2496 2740 2639 2807 niti.

556 2949 2635 2985 mm

618 3102 727 3186 (1)
755 3103 827 3165 L.
857 3124 895 3165 2
926 3125 1023 3188 pr.
1044 3103 1143 3180 ‚l.
1169 3105 1241 3183 3,
1264 3105 1333 3166 G.
1380 3129 1414 3191 7
1439 3152 1457 3182 ‚
1494 3105 1761 3191 37‚(de
1779 3106 2183 3191 quadriennii
2225 3108 2562 3191 praescript.
2577 3110 2637 3189 >0

617 3208 724 3291 (2)
768 3212 1057 3288 Pothier,
1101 3212 1213 3272 nu.
1262 3212 1563 3297 225—227.

619 3316 728 3396 (3)
769 3316 840 3378 L.
883 3338 996 3396 20,
1044 3318 1115 3379 (3..
1166 3337 1247 3395 a,
1289 3320 1326 3379 3
1359 3365 1376 3395 ‚
1420 3321 1548 3398 (de
1582 3322 1899 3402 pactis.)3
1933 3319 1962 3403 §
1999 3319 2119 3398 4ο,
2164 3321 2215 3380 Ῑ.
2257 3319 2327 3381 h.
2370 3331 2418 3382 t.

621 3417 736 3503 (4)
781 3424 1051 3503 Quidam
1080 3436 1359 3486 auctores
1388 3474 1405 3501 ,
1434 3425 1720 3487 ecclesias
1743 3449 1841 3487 res
1859 3474 1877 3501 ‚
1910 3427 2061 3510 ipsis
2080 3428 2337 3487 donatas
2358 3423 2458 3489 vel
2493 3445 2644 3505 vcn-

532 3527 699 3589 ditas
717 3575 733 3603 ‚
758 3528 989 3610 absque
1007 3529 1343 3590 traditione
1372 3534 1691 3612 acquirere
1713 3580 1729 3609 ‚
1761 3545 2009 3614 putavet
2024 3538 2170 3608 unt,
2199 3532 2339 3594 obl.
2368 3534 2444 3593 23
2471 3581 2487 3608 ‚
2520 3533 2547 3614 ᾗ
2585 3556 2641 3609 ι,

532 3634 608 3695 C.
666 3655 686 3694 ι
715 3672 743 3709 ,
807 3653 887 3711 2,
963 3635 1097 3714 (de
1142 3648 1510 3697 sacrosanct.
1571 3636 1788 3698 coclea.
1819 3646 1873 3722 ).
1940 3638 2062 3699 Sed
2110 3660 2428 3699 erroneam
2480 3637 2643 3699 hanc

535 3742 897 3821 opinionem
937 3762 1069 3804 esse
1117 3739 1388 3824 diligens
1441 3746 1914 3805 constitutionis
1944 3767 2195 3807 examen
2236 3747 2640 3808 demonstrat.

415 3849 421 3856 ‘
537 3844 837 3927 Giphanii
882 3846 1129 3942 explan.
1177 3846 1295 3930 leg.
1335 3847 1468 3909 diff.
1518 3849 1724 3910 Codic.
1773 3849 1852 3911 ad
1895 3848 1937 3909 l.
1982 3872 2059 3911 20
2100 3852 2223 3931 (de
2265 3852 2540 3932 pactis).

620 3949 735 4032 (5)
779 3952 917 4033 Ipse
942 3953 1201 4015 Pothier
1225 3953 1513 4037 vulgares
1552 3977 1787 4017 errores
1809 4004 1825 4032 ‚
1857 3978 2012 4040 quos
2038 3978 2140 4018 exa
2151 3959 2311 4017 mine
2348 3957 2641 4037 dignatus

540 4072 666 4124 non
713 4067 847 4119 erat
893 4057 1053 4142 (pre
1095 4081 1269 4125 more
1314 4069 1475 4139 suo)
1517 4073 1759 4132 secutus
1803 4075 1897 4127 est
1924 4105 1950 4140 2
1998 4063 2047 4128 l.
2088 4087 2148 4129 c.
2192 4082 2286 4128 n0.
2338 4061 2651 4146 195-213s
