2893 4778
490 247 588 335 [40
811 270 1323 322 coMMENTAnn
1372 270 1573 319 smus
1626 270 1909 322 nomm
1960 267 2279 324 rmum.

496 398 700 483 (libro
729 396 824 499 Ι),
859 410 1001 464 tum
1036 395 1114 462 de
1151 395 1342 463 rebus
1379 394 1592 479 (libris
1616 378 1715 475 11,
1757 398 1882 481 ΙΠ)
1906 447 1923 475 ,
1975 394 2250 489 denique
2307 396 2385 465 de
2430 399 2606 467 obli-

487 511 860 604 gationibus
917 524 981 578 et
1023 509 1383 577 actionibus
1438 511 1565 594 (III
1598 523 1662 576 et
1708 510 1844 595 IV)
1913 523 2229 578 tractaret.
2268 513 2609 602 ‚Quaedam

489 625 570 694 de
587 632 728 716 jure
749 625 1094 705 criminali,
1119 627 1188 689 in
1217 637 1538 715 postremo
1563 626 1770 717 operis
1796 623 1985 692 titulo
2001 629 2202 718 posita
2218 679 2235 707 ‚
2251 627 2603 696 adduntur.

584 742 643 809 5.
691 742 920 833 Operis
962 739 1168 806 forma
1205 741 1343 807 haec
1396 752 1489 806 est
1541 766 1559 804 ε
1612 752 1865 807 constat
1917 753 2190 831 quatuor
2215 724 2417 842 'libris
2481 744 2608 829 (ad

491 855 857 948 exemplum
901 856 1379 920 Institutionum
1420 854 1599 942 Gaji)
1648 856 1719 920 in
1767 853 1984 923 titulos
2035 854 2273 924 divisis.
2335 857 2606 926 Summa

490 969 830 1036 titulorum
887 981 981 1035 est
1039 967 1203 1052 1103
1253 967 1604 1035 secundum
1648 969 1801 1035 alios
1842 971 1955 1062 qui
2006 968 2152 1037 libri
2187 970 2283 1036 111
2313 1022 2332 1052 ‚
2390 974 2487 1039 tit.
2520 974 2606 1055 6,

494 1084 661 1149 inter
703 1086 733 1170 ᾗ
786 1106 808 1149 1
831 1106 853 1147 1
896 1093 960 1149 et
1013 1104 1089 1150 12
1127 1082 1197 1148 in
1236 1081 1391 1148 duos
1440 1082 1657 1151 titulos
1709 1082 2144 1174 distinguunt,
2185 1084 2302 1150 IC.
2347 1085 2608 1178 Singuli

476 1196 700 1278 tituli,
725 1220 1001 1289 quorum
1026 1192 1286 1263 initium
1301 1199 1700 1290 principium·
1724 1196 2026 1291 appellari
2053 1197 2208 1266 solet
2228 1251 2245 1280 ,
2278 1200 2348 1264 in
2378 1203 2406 1285 ᾗ
2432 1203 2459 1287 §
2497 1207 2552 1285 (1
2581 1206 2604 1286 )

490 1310 888 1401 dividuntur,
908 1336 1186 1404 quorum
1207 1337 1511 1379 numerus
1528 1314 1609 1379 ab
1628 1313 1977 1379 editoribus
1993 1311 2198 1380 factus
2222 1326 2332 1380 est.
2349 1315 2610 1406 Lingua

489 1426 690 1495 latina
716 1426 1148 1494 Institutiones
1188 1439 1337 1494 sunt
1372 1430 1741 1520 conscriptae
1759 1480 1776 1509 ,
1822 1443 2138 1522 perpauca
2179 1430 2370 1498 verba
2398 1414 2610 1523 graeca

489 1542 723 1609 inserta
756 1568 776 1606 ε
814 1542 886 1606 in
926 1539 1315 1631 editionibus
1353 1542 1619 1636 quidam
1673 1552 1864 1635 graeci
1890 1542 2180 1613 versiculi
2211 1568 2295 1611 ex
2321 1545 2610 1614 Homero

498 1655 939 1726 inveniuntur.

705 1755 714 1760 “
1389 1748 1422 1832 §
1497 1746 1707 1813 XXI.

1255 1882 1634 1951 Pandectoe
1694 1889 1842 1972 (2).

594 2050 650 2092 ι.
697 2020 1073 2089 Pandectoe
1091 2064 1120 2102 ,
1168 2019 1521 2088 secundum
1564 2022 1717 2092 alios
1769 2027 2123 2094 Pandeete
2175 2026 2293 2113 (3)
2326 2024 2431 2096 vel
2485 2028 2615 2097 Di—

495 2126 667 2233 gesta
701 2137 812 2222 (4)
831 2188 847 2217 ,
874 2135 1046 2227 apud
1067 2137 1446 2204 recentiores
1484 2136 1596 2203 diu
1640 2140 1992 2230 Degestum
2009 2185 2034 2220 ,
2066 2140 2130 2206 le
2158 2143 2442 2234 Bigeste
2462 2188 2491 2222 ,
2521 2144 2605 2227 ff,

496 2268 591 2335 est
605 2253 896 2323 collectio
916 2252 1421 2345 fragmentorum
1436 2279 1518 2321 ex
1532 2253 1710 2320 libris
1726 2253 2280 2324 celeberrimorum
2292 2258 2615 2345 juriscon-

460 2372 463 2377 ”
494 2368 810 2439 sultorum
841 2367 1324 2448 exhaustorum,
1352 2392 1549 2459 quam
1571 2368 1961 2436 ,lastinianus
1982 2394 2101 2461 per
2133 2347 2614 2441 Trihon'ianum

495 2485 896 2575 sedecimque
921 2481 1075 2552 alios
1101 2484 1252 2567 juris
1280 2484 1515 2573 peritos
1538 2487 1834 2575 componi
1866 2485 2072 2571 jussit,
2100 2485 2614 2577 jurisprudentiae

497 2604 759 2689 ejusque
790 2594 982 2662 studii
1019 2594 1431 2664 conservandi
1484 2581 1550 2665 et
1581 2594 1958 2665 emendandi
2000 2622 2178 2665 causa
2216 2598 2408 2667 facta.

594 2738 662 2779 2.
729 2707 1053 2794 Differunt
1086 2708 1188 2772 hae
1229 2705 1505 2787 multum
1547 2708 1628 2775 ab
1663 2710 2173 2776 Institutionibus
2197 2762 2214 2791 ,
2255 2716 2611 2803 praesertim

476 2813 483 2816 ι
501 2821 676 2915 quod
694 2845 825 2892 non
844 2817 991 2910 591ae
1016 2819 1168 2907 juris
1181 2818 1420 2913 regulae
1448 2845 1528 2886 ex
1547 2819 1793 2920 legibus
1808 2871 1825 2900 ,
1842 2822 2389 2891 senatusconsultis
2404 2876 2420 2902 ,
2440 2837 2568 2892 eto.
2586 2878 2607 2905 ,

500 2940 572 3005 in
615 2935 738 3001 illis
781 2946 1191 3013 enarrantur,
1234 2932 1342 3000 sed
1378 2935 1529 3026 quia
1569 2946 1632 3000 et
1681 2934 1845 3001 facta
1862 2986 1879 3016 ‚
1931 2938 2303 3026 quaestiones
2321 2989 2338 3018 ,
2388 2936 2611 3030 legum

500 3066 567 3120 et
604 3027 797 3118 edicti
839 3050 1385 3140 interpretationes
1434 3049 1510 3113 iis
1550 3050 1990 3131 continentur,
2036 3052 2197 3133 sive,
2250 3063 2326 3118 ut
2382 3051 2614 3122 dicunt

498 3167 694 3236 hodie
713 3217 729 3248 ,
765 3178 832 3230 et
856 3162 1112 3230 theoria
1133 3174 1198 3227 et
1240 3168 1484 3254 pramis
1513 3165 1717 3230 omnis
1740 3166 1895 3250 juris
1929 3162 2158 3233 civiliS.

587 3384 695 3466 (1)
727 3381 985 3443 Berriat
1013 3379 1317 3439 Sc.-Pn·x
1341 3428 1356 3455 ,
1400 3400 1466 3461 p.
1512 3378 1623 3461 169
1647 3426 1663 3455 ,
1699 3377 1974 3440 locorum
2012 3379 2445 3443 distinctorum
2483 3381 2611 3447 805

506 3496 577 3556 in
635 3501 769 3553 toto
830 3509 1018 3571 opere
1050 3489 1541 3548 ‘Institutionum
1587 3509 1715 3549 esse
1765 3499 1961 3550 notat.
2026 3488 2251 3550 Primae
2304 3490 2631 3552 editiones.

504 3605 805 3685 majorem
835 3599 1219 3658 minoremve
1259 3596 1784 3680 paragraphorum
1817 3619 2146 3659 numerum
2184 3596 2440 3658 habent.

590 3710 697 3789 (2)
739 3706 901 3767 Vide
947 3704 1338 3786 praefationes
1360 3705 1719 3765 Justiniani.
1756 3706 2241 3787 Spangenberg,
2285 3727 2350 3789 p.
2384 3704 2611 3789 23-57.

503 3816 762 3880 Berriat
799 3812 1136 3885 St.-Priae‚
1182 3809 1225 3869 l.
1274 3832 1328 3869 e.
1380 3829 1443 3892 p.
1497 3810 1790 3890 150-164.

588 3922 701 4004 (3)
745 3916 822 3977 Η.
854 3916 1237 3977 Brenckman
1267 3964 1284 3992 ,
1327 3915 1602 3979 Historia
1633 3918 2087 3980 Pandectarum
2110 3967 2128 3997 ,
2163 3917 2274 3979 lib.
2318 3920 2354 3979 3
2377 3965 2394 3995 ,
2436 3940 2491 3979 c.
2542 3918 2608 3979 6.

537 4027 545 4038 '
587 4027 699 4109 (4)
738 4022 942 4087 Codex
968 4024 1117 4107 juris
1166 4022 1473 4085 enucleati
1511 4046 1581 4086 ex
1607 4029 1777 4090 omni
1807 4039 2013 4091 vetere
2039 4028 2170 4112 jure
2210 4024 2481 4087 collecti.
