2893 4778
569 313 663 385 82
896 325 1410 382 COHHEN‘I'ARII
1458 321 1660 372 smus
1713 321 1999 370 nouam
2048 320 2370 368 ramam.

573 456 962 526 indicatione
992 484 1019 513 n
1043 476 1140 518 ex
1165 447 1545 526 authentica
1566 474 1594 506 n
1628 433 2145 510 authenticarum
2160 467 2400 510 nomen
2420 423 2695 535 accepe-

572 575 877 656 runt·(1).
905 566 1115 636 Simili
1142 562 1336 630 modo
1369 559 1687 654 quasdam
1719 561 2200 626 constitutiones
2229 561 2697 651 imperatorum

574 686 889 755 Friderici
913 684 947 750 I
982 695 1046 749 et
1073 678 1387 747 Friderici
1421 676 1515 756 ΙΙθ
1531 675 1771 742 horum
1799 679 1965 762 jussu
2004 675 2073 739 in
2106 673 2420 740 Codicem
2453 671 2703 739 retule—

481 856 489 866 .
578 815 773 884 runt3
830 821 974 891 quae
1031 808 1098 863 et
1143 797 1291 887 ipsae
1348 783 1483 857 non
1545 814 1692 856 raro
1750 790 2131 856 authenticae
2190 801 2501 857 vocantur
2561 795 2635 872 (2
2652 794 2700 873 ).

580 919 660 984 In
692 909 1205 983 Institutionibus
1240 929 1496 999 quoque
1551 901 1862 992 ejusmodi
1913 902 1977 970 N
1979 901 2328 973 ovellarum
2388 908 2706 996 epitomas

583 1030 847 1102 diversis
903 1025 1057 1093 locis
1111 1021 1479 1108 adjecerunt
1501 1071 1517 1101 ,
1578 1043 1615 1084 a
1664 1016 1954 1110 plurimis
2010 1042 2163 1086 vero
2210 1019 2707 1085 Institutionum

582 1141 933 1213 editoribus
970 1137 1222 1205 omissas
1249 1159 1277 1216 νς
1345 1144 1418 1198 ut
1457 1132 1685 1197 nostris
1730 1135 1968 1197 iterum
2012 1128 2238 1198 diebus
2274 1182 2291 1211 ,
2333 1131 2706 1199 Institutio·—

584 1283 748 1327 num
783 1253 1173 1322 authenticas
1213 1249 1482 1315 existere
1510 1299 1526 1325 ‚
1567 1244 1977 1338 probandum
2032 1244 2230 1312 fuerit
2276 1245 2412 1331 (3).

683 1372 777 1439 50.
822 1368 1116 1457 Denique
1175 1362 1547 1455 glossatores
1608 1359 1905 1427 ordinem
1974 1359 2291 1428 librorum
2341 1361 2499 1447 juris
2591 1385 2714 1427 ro—

591 1488 764 1557 mani
814 1479 1118 1573 singulari
1159 1478 1404 1543 ratione
1464 1486 1875 1542 mutaverunt
1909 1501 1927 1557 3
1979 1498 2123 1567 quae
2174 1478 2450 1544 mutatio
2502 1499 2713 1567 usque

593 1601 675 1683 ad
724 1596 1007 1666 medium
1047 1593 1180 1660 fere
1213 1589 1514 1657 saeculum
1544 1588 1709 1655 XVI
1746 1615 1784 1654 a
1827 1590 2432 1658 commentatoribus
2461 1603 2528 1658 et
2557 1589 2712 1656 edi-

592 1715 839 1783 toribus
883 1710 1033 1797 juris
1088 1707 1369 1798 corporis
1408 1703 1880 1771 observabatur.

685 1831 902 1897 Primo
936 1828 1111 1894 enim
1145 1821 1497 1889 Pandectas
1543 1821 1612 1885 in
1653 1832 1780 1885 tres
1827 1831 2037 1911 partes
2071 1819 2446 1912 separabant
2472 1872 2489 1901 ,
2535 1845 2715 1913 qua-

596 1969 744 2010 rum
818 1939 1171 2034 quamlibet
1230 1937 1571 2003 Dmsm*
1611 1931 1723 2019 (4)
1789 1932 2233 2026 appellavere3
2303 1948 2368 2002 et
2440 1933 2718 2027 quidem

596 2061 805 2152 prima
837 2058 1157 2124 Dicasruu
1195 2077 1377 2120 viz-rus
1426 2048 1599 2115 dicta
1643 2099 1660 2127 ,
1720 2046 1917 2115 libros
1962 2048 2189 2116 XXIII
2232 2050 2475 2141 priores
2506 2073 2715 2141 usque

601 2172 681 2241 ad
736 2174 836 2240 tit.
894 2171 982 2235 II.
1039 2166 1192 2233 libri
1260 2162 1493 2231 XXIV
1557 2159 2160 2252 comprehendebat.
2216 2159 2517 2228 Alterum
2576 2162 2716 2228 Di-

603 2300 852 2379 gestum
896 2281 1296 2349 infortiatum
1332 2270 1529 2343 libros
1577 2275 1809 2343 XXIV
1854 2279 1951 2342 tit.
2010 2276 2105 2342 III
2158 2300 2359 2367 usque
2405 2275 2484 2341 ad
2512 2275 2717 2341 finem

602 2403 751 2470 libri
807 2396 1210 2473 XXXVIII,
1257 2389 1624 2484 amplexum
1679 2404 1772 2459 est
1812 2416 1831 2473 3
1872 2388 2248 2484 'ultimaque
2290 2416 2437 2484 pars
2464 2392 2720 2485 Digesti

604 2518 758 2591 novi
843 2513 1105 2578 nomine
1179 2506 1457 2598 reliquos
1508 2503 1996 2572 Pandectarum-
2050 2504 2246 2595 libros
2322 2507 2719 2573 continebat.

603 2630 773 2720 Quae
821 2626 1014 2693 suerit
1061 2624 1248 2708 hujus
1292 2619 1714 2685 distinctionis
1766 2612 1948 2685 causa
1993 2619 2296 2712 explicari
2347 2646 2463 2687 nec
2517 2620 2724 2687 hodie

607 2753 845 2835 potest,
880 2734 1197 2830 quidquid
1216 2732 1429 2826 plures
1455 2734 1833 2827 sagacissimi
1858 2734 1982 2800 viri
2001 2732 2079 2800 de
2092 2722 2574 2822 ea'conjecerint
2595 2734 2722 2817 (5).

696 2985 806 3067 (1)
849 2982 1075 3042 Biener
1110 2979 1385 3039 Historia
1429 2977 1925 3039 authenticarum
1948 3026 1965 3054 ‚
2005 2990 2153 3040 sect.
2185 2979 2213 3037 1
2251 2988 2315 3040 et
2349 2978 2430 3038 11.
2460 2978 2727 3062 Lipsiae,

622 3092 792 3179 1807.
828 3090 916 3170 4⁰.
948 3088 1396 3173 Spangenberg
1429 3134 1448 3162 ‚
1481 3085 1524 3146 l.
1559 3109 1613 3146 c.
1637 3131 1653 3155 ‚
1705 3109 1767 3169 p.
1821 3086 1953 3147 133.
2501 3080 2508 3089 ’

696 3202 806 3281 (2)
850 3196 1015 3259 Vide
1066 3194 1243 3265 auth.
1306 3194 1554 3254 Habita
1621 3194 1692 3253 C.
1752 3191 1833 3271 4,
1893 3214 1986 3254 12.
2061 3193 2258 3256 Auth.
2311 3195 2736 3257 Sacramenta

605 3309 909 3396 puberum
949 3305 1022 3366 C.
1067 3326 1103 3364 2
1132 3349 1150 3378 ,
1190 3301 1292 3363 28.
1342 3299 1541 3363 Auth.
1588 3301 1871 3362 Gazaros
1917 3302 1987 3362 C.
2042 3323 2066 3362 1
2099 3350 2115 3378 ‚
2155 3301 2211 3364 5.
2254 3301 2452 3364 Auth.
2491 3304 2741 3363 Omnes-

611 3416 952 3506 peregrini.
1025 3413 1097 3474 C.
1162 3410 1376 3494 11-59.
1432 3409 1587 3497 Aliae
1646 3412 1957 3494 inscriptae
2001 3422 2148 3472 sunt
2197 3432 2214 3472 ε
2271 3413 2445 3473 Νονα
2490 3415 2739 3473 consti-

617 3526 766 3587 tutio
828 3524 893 3583 F
888 3520 1162 3595 riderici.

693 3631 805 3711 (3)
858 3628 1131 3710 savigny
1170 3626 1238 3686 in
1275 3624 1568 3706 Hugom’s
1602 3625 1794 3686 civil.
1835 3627 2178 3706 Magazin,
2216 3625 2294 3688 T.
2334 3626 2414 3704 3,
2461 3648 2524 3708 p.
2583 3625 2738 3691 282.

617 3733 1099 3820 Spangenberg,
1156 3752 1218 3813 p.
1288 3727 1420 3807 ¹4¹·
1488 3730 1748 3807 Biener‚
1813 3729 1856 3790 l.
1917 3753 1969 3790 c.
2025 3731 2161 3792 Dis.
2232 3753 2348 3808 11,
2415 3732 2445 3816 §
2505 3754 2584 3796 22
2630 3737 2737 3797 23.

621 3842 706 3903 111
736 3850 1018 3902 auctores
1052 3834 1331 3919 singulas
1374 3835 1765 3897 authenticas
1799 3848 2186 3917 enumerant.

702 3945 819 4027 (4)
865 3945 1018 4007 Inde
1065 3941 1287 4026 gallice
1319 3943 1572 4027 Digesta
1607 3944 1665 4004 le
1706 3942 1963 4022 Bigeste
2000 3944 2320 4008 dicuntur.

706 4053 816 4135 (5)
859 4053 944 4113 V.
988 4052 1313 4136 Hugonem
1353 4052 1421 4123 in
1463 4054 1599 4116 Civ.
1644 4053 1911 4135 Magaz.
1949 4055 2027 4116 Τ.
2082 4054 2194 4117 IV.
2245 4077 2311 4139 p.
2372 4051 2451 4116 85
2484 4065 2552 4118 ct
2598 4077 2738 4143 seq.

615 4159 1075 4247 spangenberg
1099 4207 1118 4238 ,
1156 4180 1223 4244 p.
1274 4158 1587 4242 ειη-128..
