2893 4778
540 291 687 370 226
871 318 1385 369 COMMENTARH
1435 321 1637 369 smus
1689 321 1971 372 nonum
2024 291 2343 376 parvam.

534 445 638 517 vel
676 469 811 513 non
833 444 1109 513 faciendi
1137 443 1509 512 facultatem
1530 496 1546 527 ,
1574 448 1705 515 sive
1744 446 1988 540 aliquid
2023 450 2382 543 imperandi
2421 457 2662 541 juben-

536 560 683 629 dive
703 604 722 642 ,
766 561 899 629 sive
941 557 1205 652 aliquod
1245 563 1582 652 negotium
1618 559 1722 627 vel
1762 560 2003 630 factum
2053 566 2502 647 contrahendi,
2552 583 2665 638 aut
2768 583 2777 590 '

535 672 646 743 de'
677 699 745 741 re
782 673 881 742 vel
916 673 996 740 de
1027 698 1293 766 persona
1327 673 1734 766 disponendi.
1792 674 2004 768 Omne
2035 680 2128 762 ius
2182 702 2339 770 ergo
2380 678 2663 773 aliquam

535 801 914 883 potestatem
948 788 1116 856 circa
1162 813 1460 880 personas
1514 801 1623 855 aut
1664 814 1760 855 res
1804 789 2092 857 continet
2140 797 2161 876 (
2194 797 2273 878 1).
2339 794 2397 858 E
2439 795 2663 887 regula

531 906 686 994 jura
723 915 942 971 nostra
984 915 1096 969 aut
1134 903 1254 996 ipsi
1295 923 1589 970 exercere
1626 927 1958 995 possumus
1974 956 1989 984 ,
2039 917 2149 972 aut
2200 931 2427 973 eorum
2476 933 2664 977 usum

535 1016 673 1086 aliis
718 1014 1068 1103 concedere
1107 1067 1126 1097 ‚
1179 1016 1302 1083 nisi
1346 1029 1462 1088 aut
1498 1019 1697 1110 ipsius
1724 1020 1887 1107 juris
1930 1032 2160 1086 natura
2212 1034 2324 1088 aut
2358 1028 2493 1108 jure
2527 1027 2664 1091 sin-
2770 1111 2775 1118 1

540 1131 750 1228 g'ulari
778 1130 1202 1226 prohibemur
1230 1134 1258 1218 (
1269 1155 1307 1198 2
1324 1135 1368 1218 ).
1403 1131 1699 1224 Denique
1737 1133 1932 1227 ipsius
1957 1136 2114 1222 juris
2138 1133 2440 1204 alienatio
2476 1139 2663 1206 nobis

537 1270 792 1340 semper
849 1270 1138 1315 concessa
1192 1259 1317 1326 est,
1359 1245 1484 1313 nisi
1541 1246 1888 1340 singulares
1931 1249 2016 1327 ob
2056 1274 2268 1317 causas
2312 1276 2386 1317 ea
2432 1257 2658 1344 priva-

541 1387 690 1429 mur
727 1361 865 1448 (3).
915 1384 979 1426 c.
1011 1360 1355 1428 Sanctione
1398 1384 1552 1429 vero
1589 1360 1850 1455 publica
1875 1415 1892 1445 ,
1924 1387 2053 1455 qua
2085 1365 2302 1431 omnia
2342 1369 2519 1453 jura,
2585 1380 2661 1435 ut

541 1477 838 1548 effectum
876 1473 1158 1542 habeant
1189 1526 1208 1556 ,
1258 1472 1535 1566 gaudere
1592 1478 1844 1567 oport'et
1866 1526 1887 1560 ,
1937 1477 2211 1545 efficitur
2231 1528 2252 1560 ,
2293 1490 2367 1546 ut
2415 1492 2663 1547 cetero-

544 1614 691 1657 rum
732 1611 1059 1682 aggressus
1095 1587 1399 1680 repellere
1461 1585 1778 1658 valeamus
1802 1641 1819 1670 ,
1884 1591 2000 1681 qui
2048 1594 2191 1679 jura
2241 1605 2454 1661 nostra
2503 1617 2662 1660 con-

542 1715 895 1772 temnentes
921 1754 940 1784 ,
1018 1703 1087 1768 in
1158 1726 1387 1769 eorum
1439 1704 1825 1794 exercitione
1891 1701 2148 1772 turbare
2206 1730 2322 1774 nos
2399 1706 2663 1775 audent.

545 1819 768 1910 Quare
817 1827 988 1885 recte
1036 1813 1274 1884 dicitur
1317 1843 1336 1882 ε
1384 1841 1576 1883 omne
1612 1820 1708 1903 jus
1757 1815 1945 1885 alicui
1985 1823 2385 1913 competens,
2432 1823 2661 1890 ceteris

546 1934 978 2004 necessitatem
1007 1929 1334 2024 quandam
1363 1930 1466 1997 vel
1509 1933 1788 2000 officium
1816 1934 2145 2026 imponere
2160 1986 2177 2020 ‚
2222 1937 2399 2030 quod
2435 1962 2663 2004 recen-

544 2050 735 2117 tiores
764 2099 781 2127 ,
824 2073 860 2112 a
909 2048 1188 2139 genuino
1234 2043 1541 2137 loquendi
1596 2070 1719 2112 usu
1765 2045 2155 2129 recedentes,
2199 2048 2663 2142 obligationem

435 2153 440 2156 ⁴
547 2160 866 2257 appellare
898 2171 1356 2227 consueverant
1397 2158 1534 2244 (4).
1579 2159 1843 2244 Summa
1881 2162 2125 2249 jurium
2166 2162 2364 2230 tutela
2422 2164 2495 2229 in
2555 2188 2664 2231 ac-

545 2279 744 2348 tione'
762 2275 1073 2355 consistit,
1125 2297 1254 2367 qua
1290 2287 1754 2342 contrectantes
1796 2277 2088 2368 persequi
2131 2275 2473 2362 injudicio
2512 2302 2667 2369 pos-

549 2418 767 2464 sumus
839 2393 985 2477 (5).
1049 2387 1387 2456 Possumus
1451 2391 1652 2482 igitur
1704 2398 1770 2456 et
1833 2403 1986 2458 tunc
2052 2394 2188 2479 jure
2249 2404 2467 2460 nostro
2523 2391 2658 2473 uti,

550 2506 812 2604 quando
866 2505 994 2572 hoc
1041 2502 1178 2570 aliis
1231 2502 1594 2595 displiceret
1633 2531 1652 2586 ς
1712 2502 1884 2571 unde
1944 2503 2181 2572 dicitur
2233 2533 2254 2570 ε
2305 2531 2454 2572 eum
2512 2506 2664 2574 dolo

549 2646 765 2695 carere
801 2617 1037 2700 videri,
1067 2619 1180 2711 qui
1225 2619 1362 2704 jure
1392 2640 1508 2684 suo
1538 2629 1759 2687 utatur
1798 2617 1944 2706 (6).
1985 2620 2074 2687 Et
2102 2644 2252 2687 cum
2283 2623 2668 2690 accessiones

635 2867 738 2952 (1)
781 2865 1112 2928 Potestatis
1135 2862 1349 2948 aliquo
1389 2865 1523 2948 jure
1551 2873 1855 2925 contentae
1898 2863 2260 2928 discrimina
2306 2867 2480 2930 varia
2508 2869 2666 2951 juris

555 2994 778 3062 genera
817 2973 1239 3048 constituunt,
1289 2994 1352 3035 v.
1400 2985 1505 3031 n⁰
1511 2971 1693 3055 .93,
1746 2982 1807 3032 et
1876 2993 2001 3055 seq.

633 3083 744 3164 (2)
800 3080 909 3143 Pr.
960 3078 1009 3139 1.
1064 3077 1107 3158 4
1127 3118 1155 3154 ,
1218 3098 1328 3155 ιο,
1398 3081 1559 3161 (per
1620 3099 1776 3162 quos
1844 3098 2020 3159 agere
2080 3084 2496 3163 possumus).
2569 3082 2664 3144 Ita

549 3215 606 3254 c.
644 3188 763 3269 68,
809 3186 922 3250 lib.
973 3184 1087 3248 VI.
1126 3184 1188 3248 5.
1235 3185 1344 3260 13,
1382 3186 1515 3269 (de
1555 3183 1786 3269 regulis
1831 3187 1983 3267 juris
2007 3190 2064 3271 ).
2107 3186 2324 3250 Potest
2360 3191 2504 3273 quis
2552 3212 2666 3274 per

548 3297 756 3369 alium,
791 3294 959 3378 quod
1000 3303 1208 3377 potest
1246 3294 1448 3355 facere
1486 3315 1599 3383 per
1645 3315 1731 3371 sea
1744 3297 1968 3379 ipsum.

635 3406 746 3485 (3)
785 3401 974 3477 Inde,
1021 3399 1067 3495 §0
1097 3398 1214 3478 4ο,
1257 3402 1324 3462 in
1366 3401 1530 3463 med.
1571 3405 1621 3463 1.-
1664 3420 1744 3475 2,
1794 3425 1817 3463 1
1848 3450 1865 3480 ,
1910 3401 2045 3484 (de
2082 3424 2203 3465 rer.
2254 3403 2444 3466 divis.
2473 3410 2535 3489 ).

632 3509 743 3595 (4)
765 3507 999 3569 Verum
1015 3505 1262 3568 dicendi
1291 3527 1470 3568 usum
1488 3507 1840 3574 vindicavit
1854 3508 2039 3595 Hugo
2061 3530 2080 3573 ε
2100 3510 2297 3574 civil.
2323 3513 2661 3592 Magazin,

546 3617 674 3683 vol.
734 3617 874 3689 111,
926 3635 990 3696 p.
1039 3611 1344 3696 389-422.
2537 3634 2541 3641 ’

630 3725 738 3807 (5)
779 3723 886 3786 Pr.
926 3724 980 3784 Ι.
1022 3718 1103 3800 4,
1151 3719 1236 3797 6,
1275 3721 1409 3804 (de
1450 3724 1756 3806 actium).

632 3832 740 3916 (6)
783 3831 852 3891 L.
918 3826 1035 3908 55,
1106 3826 1255 3906 151,
1327 3827 1483 3906 155,
1545 3829 1574 3912 §
1625 3852 1696 3908 1,
1738 3831 1816 3893 D.
1856 3829 1984 3906 50,
2037 3851 2152 3917 17,
2198 3831 2332 3914 (de
2378 3833 2454 3894 R.
2497 3834 2552 3893 J.
2594 3840 2659 3912 );

541 3934 596 4001 ⁷1.
660 3937 787 4014 26,
852 3938 934 3998 D.
981 3937 1065 4020 39
1096 3982 1128 4015 ,p
1180 3954 1216 3996 2
1249 3982 1268 4014 ,
1333 3936 1470 4019 (de
1522 3936 1752 3999 damno
1815 3938 2122 4021 infecto).
2198 3939 2664 4024 Nonnunquam

546 4045 678 4109 haec
717 4041 975 4108 libertas
998 4043 1283 4108 restricta
1308 4054 1422 4109 est.
1451 4043 1521 4109 L.
1547 4043 1661 4125 24,
1694 4043 1724 4130 ᾖ
1759 4062 1831 4109 12
1858 4048 1928 4109 in
1954 4047 2001 4111 f.
2033 4093 2053 4126 ,
2093 4048 2176 4110 D.
2202 4047 2317 4132 39,
2349 4069 2385 4110 2
2410 4094 2430 4126 ,
2460 4048 2654 4133 (ibo.
