2893 4778
567 288 705 377 542
908 313 1415 365 conum-nnn
1466 315 1664 365 sums
1715 315 1993 367 nouam
2043 320 2358 369 rva‘rr.

566 434 850 505 reddidit
876 440 1166 531 pignoris
1184 464 1433 506 causam
1454 490 1472 521 ,
1503 443 1793 533 exceptio
1817 443 1876 509 ei
1897 447 2201 537 competit
2234 444 2427 527 inid,
2452 459 2524 515 ut
2544 449 2661 541 ipsi

561 551 986 619 refundantur
1034 556 1166 636 (1).

652 666 799 750 402.
842 668 1176 734 Possessori
1199 719 1217 746 ,
1246 670 1357 760 qui
1383 670 1503 736 hac
1535 671 1783 738 actione
1802 672 2215 752 convenitur,
2260 676 2666 766 exceptiones

559 782 849 874 quaedam
889 795 1189 874 praeterea
1232 807 1534 850 concessae
1583 799 1733 855 sunt
1754 837 1773 868 ‚
1815 785 1910 853 de·
1955 788 2185 886 quibus
2222 789 2503 857 breviter
2557 789 2662 857 di-

556 895 846 964 cendum.
879 908 989 961 est.
2611 977 2618 983 ,

644 1033 716 1073 α.
765 1008 836 1075 Si
903 1008 1194 1076 adversus
1255 1023 1633 1079 extraneum
1712 1014 1807 1079 rei
1883 1011 2176 1106 obligatae
2240 1040 2661 1107 possessorem

558 1136 824 1215 agatur,
855 1148 936 1190 ex
957 1123 1203 1192 novella
1218 1126 1253 1190 J
1259 1129 1560 1193 ustiniani
1589 1131 2039 1197 constitutione
2070 1130 2179 1196 hic
2195 1143 2662 1222 peterepotest,

554 1251 630 1305 ut
660 1227 839 1305 actor
868 1241 1048 1332 prius
1098 1238 1396 1307 debitoris
1436 1247 1647 1330 ejusve
1687 1241 2066 1332 fidejussoris
2112 1257 2225 1310 aut
2265 1244 2659 1312 mandatoris

551 1375 888 1443 personam
929 1356 1296 1435 conveniat,
1344 1359 1395 1421 si
1438 1356 1699 1448 quidem
1730 1369 2068 1449 praesentes
2090 1359 2225 1426 sint
2255 1373 2320 1425 et
2349 1358 2654 1427 solvendo

552 1467 767 1534 idonei
797 1520 814 1548 ,
859 1468 1033 1561 quod
1076 1473 1175 1557 jus
1215 1468 1457 1537 ordinis
1505 1470 1610 1540 vel
1672 1474 2053 1539 excussionis
2105 1473 2488 1541 beneficium
2530 1500 2656 1568 ap-

551 1579 785 1672 pellare
829 1580 1032 1647 solent
1075 1586 1210 1664 (2).

642 1693 699 1758 b.
748 1693 819 1760 Si
853 1692 1130 1760 creditor
1148 1743 1164 1772 ‚
1204 1694 1309 1758 cui
1344 1706 1575 1785 praeter
1617 1692 2046 1788 hypothecam
2091 1697 2382 1762 omnium
2443 1696 2656 1763 bono-

549 1831 698 1873 rum
739 1831 839 1872 res
878 1805 1229 1896 specialiter
1268 1806 1547 1900 obligata
1571 1821 1693 1889 est,
1753 1835 1886 1875 non
1931 1811 2098 1876 hanc
2133 1809 2258 1877 sed·
2288 1808 2479 1876 aliam
2510 1835 2652 1878 rem

547 1949 587 1988 a
611 1922 896 1992 debitore
925 1922 1207 1990 vindicat
1225 1975 1242 2002 ‚
1269 1924 1472 1990 simile
1495 1924 1877 1993 beneficium
1897 1928 2227 2018 possessori
2257 1938 2615 2019 competere
2631 1979 2653 2009 ,

549 2063 632 2107 ex
679 2038 759 2105 iis
803 2038 1119 2130 sequitur,
1158 2061 1298 2129 quae
1334 2061 1522 2131 supra
1577 2038 1658 2106 de
1705 2043 2065 2107 necessitate
2105 2041 2340 2133 pignus
2379 2038 2651 2131 speciale

544 2152 758 2244 primo
798 2148 939 2216 loco
970 2150 1286 2218 vendendi
1333 2153 1801 2221 observavimus
1849 2156 1967 2240 (3)
2011 2162 2168 2240 (ΠΜ.
2211 2153 2344 2245 379
2369 2206 2387 2235 ‚
2435 2159 2554 2239 e.).

571 2312 584 2328 ,
637 2291 693 2332 c.
740 2264 1237 2356 Praescriptionis
1270 2270 1561 2359 exceptio
1612 2270 1684 2333 in
1724 2271 1971 2335 actione
2012 2268 2472 2361 hypothecaria
2511 2271 2650 2334 sin—

546 2378 756 2473 gulari
793 2379 984 2446 modo
1025 2378 1287 2447 definita
1328 2394 1437 2449 est.
1482 2380 1801 2451 Adversus
1841 2381 2195 2451 debitorem
2230 2384 2405 2450 enim
2432 2387 2648 2471 ejusve

543 2492 806 2559 heredes
834 2493 1002 2559 intra
1042 2493 1164 2558 XL
1206 2518 1403 2560 annos
1449 2497 1753 2587 competit
1781 2497 1981 2576 actio,
2017 2509 2237 2563 contra
2266 2507 2644 2562 extraneum

541 2606 716 2674 intra
752 2608 957 2673 XXX
993 2630 1191 2673 annos
1245 2608 1398 2695 (4);
1452 2608 1610 2674 alius
1656 2609 1934 2677 creditor
1970 2635 2121 2679 vero
2159 2660 2177 2690 ,
2226 2611 2481 2678 vivente
2521 2594 2646 2674 de-

543 2723 751 2790 bitore
773 2773 789 2802 ‚
823 2746 938 2814 per
972 2722 1094 2789 XL
1125 2746 1327 2790 annos
1355 2725 1684 2792 conveniri
1703 2737 1907 2817 potest
1926 2775 1952 2805 ,.
1968 2723 2207 2816 illoque
2234 2726 2499 2792 mortuo
2531 2735 2652 2807 autr

627 2992 843 3074 (1)L.
870 3012 989 3075 29,
1016 2991 1154 3074 §2‚
1191 2993 1272 3052 D.
1298 3013 1408 3067 20,
1459 3013 1529 3070 ι,
1561 2994 1882 3077 (depign.
1909 2993 2142 3077 ethys».
2169 2990 2310 3074 );l.
2344 2991 2462 3070 44,
2498 2992 2647 3074 ξι,

522 3098 621 3160 I).
676 3101 790 3181 39,
835 3120 914 3174 2,
965 3097 1090 3175 (de
1137 3098 1362 3160 damno
1403 3100 1715 3179 infecto).

619 3207 728 3287 (2)
769 3206 923 3267 Nov.
954 3203 1036 3285 4,
1073 3226 1126 3266 c.
1152 3225 1225 3282 23
1243 3205 1485 3270 Glzlck.
1513 3206 1588 3268 T.
1622 3206 1874 3280 XVIII,
1913 3228 1974 3288 p.
1996 3204 2137 3288 359.
2181 3205 2283 3265 An
2309 3206 2648 3287 possessori

535 3314 632 3374 rei
653 3310 998 3394 specialiter
1016 3312 1432 3395 oppigneratas
1451 3312 1579 3373 haec
1601 3314 1876 3394 exceptio
1908 3322 2260 3393 competat,
2285 3311 2649 3393 disputatur
2689 3332 2702 3337 “

536 3421 610 3481 in
631 3419 870 3479 dissert.
899 3417 1190 3480 celeberr.
1221 3420 1534 3500 quondam
1560 3419 1767 3480 Jctor.
1790 3419 1896 3489 Fr.
1924 3419 1993 3478 C.
2035 3417 2306 3477 Com-adi
2336 3414 2554 3499 (1747)
2582 3427 2644 3476 et

535 3524 723 3591 Koch
750 3527 991 3608 (177¹)
1019 3525 1097 3586 de
1113 3524 1317 3586 benef,
1343 3547 1542 3587 excuS.
1582 3528 1767 3588 tertio
1800 3524 2067 3609 hypoth.
2099 3545 2268 3606 spec.
2308 3517 2646 3605 possessori

533 3653 659 3696 nou
685 3642 1069 3714 competente
1090 3630 1219 3710 (vel
1247 3635 1681 3715 competente).
1725 3632 2008 3713 Antiquo
2035 3633 2173 3710 iure
2204 3628 2334 3690 haec
2361 3632 2642 3710 exceptio

467 3776 492 3795 2
528 3739 935 3821 comprobata
963 3760 1090 3799 non
1112 3749 1204 3800 est
1224 3758 1245 3817 ς
1267 3737 1309 3801 l.
1347 3738 1419 3816 14
1441 3786 1459 3813 ‚
1484 3738 1591 3817 24,
1622 3740 1692 3799 C.
1725 3737 1765 3798 8
1787 3785 1804 3813 ,
1843 3735 1915 3815 14
1939 3784 1955 3814 ,
1990 3737 2097 3813 (de
2132 3739 2300 3818 pign.
2332 3746 2397 3796 et
2422 3735 2642 3817 hyp.).

622 3843 732 3924 (3)
777 3843 1167 3905 Recentiores
1189 3845 1375 3905 etiam
1402 3843 1521 3905 hoc
1538 3844 1912 3915 excussionis
1931 3842 2305 3904 beneficium
2324 3841 2641 3902 dictitant.
2737 3876 2742 3883 ·

627 3949 724 4028 (4)
769 3947 1117 4011 Necessaria
1159 3937 1290 4011 non
1349 3962 1443 4011 est
1473 3998 1510 4039 ,k
1541 3944 1684 4014 cuin
1731 3948 2043 4015 libertatis
2090 3950 2473 4033 usucapione
2518 3950 2639 4029 jam

512 4064 711 4125 „tu-tus
753 4066 844 4123 est
875 4067 1198 4124 extraneus
1242 4076 1573 4141 possessor.
1614 4107 1617 4110 .
