2893 4778
524 314 669 398 ‘516
837 341 1349 398 cossam-ann
1395 335 1598 395 mais
1648 342 1931 396 nomm
1983 344 2303 394 rmum.

524 476 620 559 jus
650 466 809 537 illud
835 465 1142 536 creditori
1179 467 1425 534 auferre
1464 470 1487 549 (
1515 493 1536 534 1
1564 467 2058 552 ).·Distrahendi
2090 468 2455 534 necessitate
2481 488 2632 534 vero

528 582 784 652 debitor
833 579 1171 651 adstrictus
1234 570 1368 647 non
1418 594 1513 647 est
1552 630 1571 661 ,
1627 605 1824 673 quare
1889 579 2237 647 distrahere
2297 584 2445 673 cogi
2504 605 2633 648 non

524 709 732 793 potest
785 699 807 780 (
824 700 903 780 ι)
926 744 943 774 ,
1001 717 1209 785 neque
1265 692 1415 759 inde
1479 692 1756 760 debitori
1802 692 2112 772 damnum
2166 693 2483 776 infertum
2538 693 2632 760 nil

536 813 711 879 enim
770 807 1041 902 impedit
1080 859 1098 889 ‚
1165 811 1512 899 quominus
1572 810 1702 899 ipse
1755 831 1894 874 rem
1951 808 2188 876 vendat
2232 826 2499 899 eamque
2558 833 2640 875 ex

528 925 739 1027 pretio
774 921 1032 989 redacto
1075 918 1409 994 liberatam
1457 917 1692 985 tradat.
1759 918 2060 986 Creditur
2104 933 2319 987 autem
2360 919 2632 985 alienare

522 1042 761 1133 pig-nus
799 1046 1006 1128 potest
1027 1084 1044 1112 ‚
1069 1032 1198 1102 sive
1230 1029 1389 1097 illud
1420 1031 1768 1122 possideat,
1794 1032 1924 1099 sive
1961 1056 2138 1114 non3
2169 1033 2295 1100 hoc
2343 1018 2520 1099 enim
2560 1034 2632 1099 in

530 1177 681 1221 casu
737 1147 1265 1242 hypothecariam
1316 1147 1549 1211 emtori
1595 1144 1769 1213 cedit
1809 1147 2126 1214 actionem
2175 1146 2256 1213 ad
2298 1172 2437 1214 rem
2479 1172 2631 1239 per·-

521 1264 909 1360 sequendam
957 1262 1097 1348 (3).

624 1379 780 1472 379.
829 1372 1394 1465 Quemadmodum
1439 1370 1723 1441 venditio
1779 1371 1921 1439 fieri
1967 1373 2194 1441 debeat
2237 1377 2434 1467 pactis
2471 1400 2631 1444 con-

525 1493 921 1562 trahentium
968 1487 1219 1554 definiri
1264 1498 1470 1578 potest
1507 1485 1651 1572 (4).
1695 1487 1767 1555 Si
1804 1486 1900 1553 nil
1940 1493 2346 1570 convenerit,
2367 1514 2636 1582 sequens

523 1627 751 1675 norma
788 1600 1179 1670 observanda
1206 1613 1349 1666 est:

619 1749 683 1792 a.
726 1719 1105 1790 Venditioni
1161 1717 1445 1809 pignoris
1478 1712 1652 1783 locus
1679 1741 1806 1785 esse
1845 1722 1984 1806 jure
2016 1745 2151 1787 non
2177 1732 2415 1813 potest,
2453 1734 2635 1788 ante-

531 1862 728 1930 quam
780 1832 1097 1901 solvendae
1136 1831 1427 1923 pecuniae
1465 1829 1598 1898 dies
1648 1834 1877 1952 venit,
1930 1846 1997 1900 et
2038 1833 2290 1902 debitor
2346 1836 2418 1901 in
2454 1859 2636 1905 mora

527 1972 654 2020 esse
702 1947 934 2040 incipit
980 1943 1126 2032 (5).
1467 1951 1470 1954 ’

619 2064 682 2131 b.
727 2064 1153 2130 Dis-tracturus
1193 2057 1471 2126 creditor
1502 2057 1779 2134 debitori
1803 2058 2178 2129 denuntiare
2204 2061 2392 2130 debet
2423 2113 2441 2143 ,
2477 2088 2637 2132 ven-

529 2178 841 2249 ditionem
889 2191 1245 2245 secuturam
1289 2201 1415 2242 esse
1434 2228 1452 2257 ‚
1483 2176 1797 2244 solutione
1824 2179 1990 2245 intra
2027 2178 2364 2245 definitum
2386 2192 2635 2272 tempus

530 2319 665 2363 non
704 2293 869 2362 facta
894 2318 922 2375 3
961 2294 1011 2357 si
1056 2275 1395 2383 pactum‘«
1430 2315 1513 2357 ne
1552 2290 1865 2358 vendatur
1902 2321 1929 2352 s»
1966 2289 2166 2359 fuerit
2206 2306 2592 2361 conventum
2608 2346 2627 2375 ,

527 2412 701 2479 trina
740 2408 1239 2480 denunciatione
1278 2430 1434 2500 opus
1468 2418 1563 2474 est
1595 2407 1737 2494 (6).

614 2698 726 2781 (ι)
768 2696 841 2760 L.
895 2697 980 2776 4,
1029 2693 1105 2771 5,
1155 2696 1233 2757 D.
1287 2696 1396 2771 13,
1440 2718 1517 2779 7,
1558 2684 1692 2773 (de
1753 2696 1876 2778 pig.
1919 2698 2120 2775 act.).
2168 2695 2342 2758 Olim
2382 2708 2634 2778 pactum

530 2815 604 2866 ut
630 2805 896 2868 vendere
923 2801 1105 2864 liceat
1129 2850 1146 2877 ‚
1202 2803 1474 2885 pignoris
1509 2804 1909 2865 conventioni
1962 2807 2294 2884 expressim
2342 2803 2487 2864 addi
2527 2825 2638 2864 so-

530 2912 715 2975 litum
764 2913 953 2972 fuisse
1002 2911 1252 2972 videtur
1298 2934 1319 2989 ς
1385 2913 1525 2993 Gaj.
1587 2913 1694 2987 11,
1751 2910 1782 2993 ᾗ
1837 2909 1938 2989 64.
1995 2910 2219 2973 Postea
2272 2911 2393 2974 hoc
2446 2914 2637 2974 tacite

532 3020 846 3103 adjectum
900 3016 1387 3099 intelligebatur.

613 3128 748 3207 (2)
787 3124 860 3185 L.
887 3123 930 3184 6
958 3145 1055 3206 pr.
1083 3170 1101 3200 ,
1140 3126 1219 3184 D.
1255 3126 1325 3186 13
1351 3172 1368 3200 ‚
1401 3147 1435 3208 7
1463 3172 1481 3196 ‚
1509 3124 1654 3203 (tit.
1686 3126 1838 3203 cit.)
1865 3146 1887 3205 3
1916 3123 1961 3186 l.
1998 3125 2113 3202 153
2145 3125 2173 3207 §
2202 3124 2277 3201 5,
2306 3126 2384 3185 D.
2411 3125 2525 3204 42,
2565 3147 2639 3205 ι,

508 3237 561 3334 Χ(
579 3231 658 3294 de
685 3252 753 3292 re
784 3231 1094 3314 judicata)
1122 3229 1213 3309 31.
1250 3230 1319 3292 51
1347 3278 1364 3306 ‚
1398 3230 1426 3312 ᾗ
1460 3232 1496 3292 3
1520 3277 1537 3305 ,
1577 3232 1658 3293 D.
1689 3229 1807 3309 46,
1846 3253 1869 3292 1
1894 3280 1912 3309 ,
1945 3230 2069 3310 (de
2098 3232 2637 3315 fidejussoribus).

605 3338 739 3419 (3)
783 3337 853 3397 L.
901 3358 934 3419 7
982 3358 1117 3419 pr.‚
1163 3335 1209 3396 l.
1266 3338 1335 3397 13
1376 3338 1456 3398 D.
1502 3336 1569 3398 h.
1613 3349 1663 3399 t.

607 3447 715 3531 (4)
759 3447 829 3509 L.
879 3445 922 3524 4
975 3448 1057 3507 D.
1098 3445 1166 3507 h.
1223 3458 1322 3526 t.;
1372 3444 1418 3508 l.
1475 3444 1557 3522 5,
1606 3445 1650 3507 8
1703 3447 2014 3523 C.,eod.‚

569 3574 578 3588 ⁶
607 3552 718 3635 (5)
752 3552 832 3612 L.
879 3552 916 3612 3
956 3572 1055 3632 pr.
1079 3591 1105 3627 ,
1131 3551 1199 3612 C.
1221 3549 1263 3612 8
1282 3599 1300 3628 ,
1333 3549 1412 3631 34
1449 3554 1487 3625 C
1516 3553 1617 3613 tit.
1647 3554 1751 3613 cit.
1780 3554 1848 3633 >3
1876 3551 2175 3635 generalis
2200 3554 2534 3615 conventio
2560 3565 2643 3617 ut

522 3658 792 3723 vendere
832 3655 1013 3719 liceat
1060 3678 1097 3719 a
1139 3658 1638 3720 denunciationis
1681 3660 2042 3721 necessitate
2069 3682 2190 3720 non
2221 3657 2447 3720 liberat
2495 3681 2640 3722 cre-

522 3771 841 3848 ditorem3
881 3789 995 3829 nec
1041 3768 1293 3829 obstant
1332 3766 1362 3851 §
1424 3788 1449 3829 1
1502 3769 1556 3829 1.
1599 3755 1674 3846 α’,
1729 3766 1771 3829 8
1812 3769 2029 3852 (quib.
2067 3768 2341 3830 alienare
2386 3766 2586 3847 licet)
2604 3810 2640 3847 ,

520 3887 585 3938 ct
636 3877 682 3938 l.
721 3874 853 3958 3,§
918 3898 991 3952 1,
1040 3874 1108 3935 C.
1158 3876 1268 3936 cit.

603 3981 724 4063 (6)
764 3982 837 4043 L.
900 3980 983 4059 4,
1049 3979 1137 4060 5,
1193 3979 1275 4051 D.
1341 3979 1461 4059 13,
1513 4002 1577 4065 7.
1640 3981 1794 4061 cit.;
1848 3976 1988 4066 55
2032 3984 2102 4044 in
2157 3979 2345 4045 Pauli
2390 3992 2640 4066 recept.

518 4097 677 4152 sent.
737 4085 863 4166 (h.
910 4088 1037 4164 ι).
