<?xml version="1.0" encoding="UTF-8"?>
<!DOCTYPE html PUBLIC "-//W3C//DTD XHTML 1.0 Transitional//EN"
    "http://www.w3.org/TR/xhtml1/DTD/xhtml1-transitional.dtd">
<html xmlns="http://www.w3.org/1999/xhtml" xml:lang="en" lang="en">
 <head>
  <title>
</title>
<meta http-equiv="Content-Type" content="text/html;charset=utf-8" />
  <meta name='ocr-system' content='tesseract 3.04.00' />
  <meta name='ocr-capabilities' content='ocr_page ocr_carea ocr_par ocr_line ocrx_word'/>
</head>
<body>
  <div class='ocr_page' id='page_1' title='image "./commentariijuri00warngoog/commentariijuri00warngoog_0442.png"; bbox 0 0 2893 4778; ppageno 0'>
   <div class='ocr_carea' id='block_1_1' title="bbox 476 327 2269 420">
    <p class='ocr_par' dir='ltr' id='par_1_1' title="bbox 476 327 2269 420">
     <span class='ocr_line' id='line_1_1' title="bbox 476 327 2269 420; baseline -0.004 -14"><span class='ocrx_word' id='word_1_1' title='bbox 476 327 620 420; x_wconf 72' lang='grc'><strong>422</strong></span> <span class='ocrx_word' id='word_1_2' title='bbox 810 352 1322 406; x_wconf 67' lang='lat' dir='ltr'><strong>commum-Anu</strong></span> <span class='ocrx_word' id='word_1_3' title='bbox 1368 354 1570 403; x_wconf 75' lang='lat' dir='ltr'><strong>smus</strong></span> <span class='ocrx_word' id='word_1_4' title='bbox 1618 352 1900 401; x_wconf 72' lang='lat' dir='ltr'><strong>nomm</strong></span> <span class='ocrx_word' id='word_1_5' title='bbox 1951 351 2269 401; x_wconf 64' lang='lat' dir='ltr'><strong>vnvm-1.</strong></span> 
     </span>
    </p>
   </div>
   <div class='ocr_carea' id='block_1_2' title="bbox 1199 555 1822 676">
    <p class='ocr_par' dir='ltr' id='par_1_2' title="bbox 1199 555 1822 676">
     <span class='ocr_line' id='line_1_2' title="bbox 1199 555 1822 676; baseline -0.003 0"><span class='ocrx_word' id='word_1_6' title='bbox 1199 555 1645 676; x_wconf 56' lang='lat' dir='ltr'><strong>&#39;CAPUT</strong></span> <span class='ocrx_word' id='word_1_7' title='bbox 1716 599 1822 674; x_wconf 84' lang='lat'><strong>11.</strong></span> 
     </span>
    </p>
   </div>
   <div class='ocr_carea' id='block_1_3' title="bbox 677 802 2376 1325">
    <p class='ocr_par' dir='ltr' id='par_1_3' title="bbox 677 802 2376 1325">
     <span class='ocr_line' id='line_1_3' title="bbox 974 802 2068 900; baseline -0.003 -25"><span class='ocrx_word' id='word_1_8' title='bbox 974 827 1102 890; x_wconf 67' lang='lat' dir='ltr'><strong>vm!</strong></span> <span class='ocrx_word' id='word_1_9' title='bbox 1177 826 1827 877; x_wconf 71' lang='lat' dir='ltr'><strong>snnvmu&#39;rwus</strong></span> <span class='ocrx_word' id='word_1_10' title='bbox 1907 802 2068 900; x_wconf 88' lang='grc' dir='ltr'>(ι).</span> 
     </span>
     <span class='ocr_line' id='line_1_4' title="bbox 758 1023 2288 1116; baseline -0.003 -26"><span class='ocrx_word' id='word_1_11' title='bbox 758 1025 849 1090; x_wconf 78' lang='lat' dir='ltr'><strong>A.</strong></span> <span class='ocrx_word' id='word_1_12' title='bbox 891 1024 1279 1093; x_wconf 76' lang='lat' dir='ltr'><em>Communia</em></span> <span class='ocrx_word' id='word_1_13' title='bbox 1321 1023 1413 1090; x_wconf 86' lang='lat' dir='ltr'><strong>de</strong></span> <span class='ocrx_word' id='word_1_14' title='bbox 1455 1023 1889 1092; x_wconf 69' lang='lat' dir='ltr'><strong>Servitutibus</strong></span> <span class='ocrx_word' id='word_1_15' title='bbox 1927 1026 2288 1116; x_wconf 61' lang='lat' dir='ltr'><strong>praeceptd.</strong></span> 
     </span>
     <span class='ocr_line' id='line_1_5' title="bbox 677 1234 2376 1325; baseline -0.004 -21"><span class='ocrx_word' id='word_1_16' title='bbox 677 1240 708 1325; x_wconf 65' lang='grc' dir='ltr'><em>ς</em></span> <span class='ocrx_word' id='word_1_17' title='bbox 771 1237 821 1304; x_wconf 91' lang='grc' dir='ltr'><strong>Ι.</strong></span> <span class='ocrx_word' id='word_1_18' title='bbox 883 1238 1085 1304; x_wconf 81' lang='lat' dir='ltr'><strong>Notio</strong></span> <span class='ocrx_word' id='word_1_19' title='bbox 1148 1252 1220 1303; x_wconf 80' lang='lat' dir='ltr'><strong>et</strong></span> <span class='ocrx_word' id='word_1_20' title='bbox 1281 1242 1499 1305; x_wconf 80' lang='lat' dir='ltr'><em>variae</em></span> <span class='ocrx_word' id='word_1_21' title='bbox 1555 1237 1910 1305; x_wconf 73' lang='lat' dir='ltr'><strong>dzia&#39;szbnes</strong></span> <span class='ocrx_word' id='word_1_22' title='bbox 1955 1234 2011 1302; x_wconf 86' lang='lat' dir='ltr'><em>S</em></span> <span class='ocrx_word' id='word_1_23' title='bbox 2014 1239 2376 1301; x_wconf 81' lang='lat' dir='ltr'><strong>ervitutum.</strong></span> 
     </span>
    </p>
   </div>
   <div class='ocr_carea' id='block_1_4' title="bbox 383 1449 2586 2794">
    <p class='ocr_par' dir='ltr' id='par_1_4' title="bbox 383 1449 2586 2232">
     <span class='ocr_line' id='line_1_6' title="bbox 523 1449 2586 1543; baseline -0.004 -20"><span class='ocrx_word' id='word_1_24' title='bbox 523 1528 528 1533; x_wconf 61' lang='grc'><strong>,</strong></span> <span class='ocrx_word' id='word_1_25' title='bbox 565 1454 715 1523; x_wconf 85' lang='grc'><strong>283.</strong></span> <span class='ocrx_word' id='word_1_26' title='bbox 761 1452 1046 1538; x_wconf 71' lang='lat' dir='ltr'><strong>Servitus</strong></span> <span class='ocrx_word' id='word_1_27' title='bbox 1099 1451 1352 1518; x_wconf 86' lang='lat' dir='ltr'><strong>definiri</strong></span> <span class='ocrx_word' id='word_1_28' title='bbox 1402 1464 1608 1543; x_wconf 85' lang='lat' dir='ltr'><strong>potest</strong></span> <span class='ocrx_word' id='word_1_29' title='bbox 1633 1504 1651 1532; x_wconf 92' lang='lat'><strong>,</strong></span> <span class='ocrx_word' id='word_1_30' title='bbox 1702 1455 1799 1540; x_wconf 81' lang='lat' dir='ltr'><strong>jus</strong></span> <span class='ocrx_word' id='word_1_31' title='bbox 1844 1451 1925 1516; x_wconf 77' lang='lat' dir='ltr'><strong>in</strong></span> <span class='ocrx_word' id='word_1_32' title='bbox 1981 1476 2048 1516; x_wconf 85' lang='lat' dir='ltr'><strong>re</strong></span> <span class='ocrx_word' id='word_1_33' title='bbox 2088 1449 2292 1516; x_wconf 83' lang='lat' dir='ltr'><strong>aliena</strong></span> <span class='ocrx_word' id='word_1_34' title='bbox 2338 1449 2586 1516; x_wconf 82' lang='lat' dir='ltr'><strong>consti-</strong></span> 
     </span>
     <span class='ocr_line' id='line_1_7' title="bbox 473 1562 2579 1659; baseline -0.004 -23"><span class='ocrx_word' id='word_1_35' title='bbox 473 1579 686 1640; x_wconf 78' lang='lat' dir='ltr'><strong>tutum</strong></span> <span class='ocrx_word' id='word_1_36' title='bbox 722 1617 741 1647; x_wconf 90' lang='lat'><strong>,</strong></span> <span class='ocrx_word' id='word_1_37' title='bbox 799 1591 929 1659; x_wconf 80' lang='lat' dir='ltr'><strong>quo</strong></span> <span class='ocrx_word' id='word_1_38' title='bbox 995 1564 1290 1633; x_wconf 79' lang='lat' dir='ltr'><strong>dominus</strong></span> <span class='ocrx_word' id='word_1_39' title='bbox 1355 1568 1533 1632; x_wconf 84' lang='lat' dir='ltr'><strong>istius</strong></span> <span class='ocrx_word' id='word_1_40' title='bbox 1586 1567 1680 1632; x_wconf 89' lang='lat' dir='ltr'><strong>rei</strong></span> <span class='ocrx_word' id='word_1_41' title='bbox 1732 1567 1990 1658; x_wconf 85' lang='lat' dir='ltr'><strong>cogitur</strong></span> <span class='ocrx_word' id='word_1_42' title='bbox 2047 1562 2293 1657; x_wconf 85' lang='lat' dir='ltr'><strong>aliquid</strong></span> <span class='ocrx_word' id='word_1_43' title='bbox 2339 1564 2410 1628; x_wconf 90' lang='lat' dir='ltr'><strong>in</strong></span> <span class='ocrx_word' id='word_1_44' title='bbox 2461 1587 2579 1629; x_wconf 89' lang='lat' dir='ltr'><strong>suo</strong></span> 
     </span>
     <span class='ocr_line' id='line_1_8' title="bbox 472 1664 2585 1778; baseline -0.001 -29"><span class='ocrx_word' id='word_1_45' title='bbox 472 1687 644 1778; x_wconf 83' lang='lat' dir='ltr'><strong>pati,</strong></span> <span class='ocrx_word' id='word_1_46' title='bbox 686 1680 784 1749; x_wconf 76' lang='lat' dir='ltr'><strong>,vel</strong></span> <span class='ocrx_word' id='word_1_47' title='bbox 827 1705 960 1747; x_wconf 87' lang='lat' dir='ltr'><strong>non</strong></span> <span class='ocrx_word' id='word_1_48' title='bbox 993 1664 1198 1748; x_wconf 78' lang='lat' dir='ltr'><strong>faeere</strong></span> <span class='ocrx_word' id='word_1_49' title='bbox 1237 1681 1310 1746; x_wconf 87' lang='lat' dir='ltr'><strong>in</strong></span> <span class='ocrx_word' id='word_1_50' title='bbox 1349 1680 1762 1749; x_wconf 89' lang='lat' dir='ltr'><strong>commodum</strong></span> <span class='ocrx_word' id='word_1_51' title='bbox 1802 1706 2087 1775; x_wconf 83' lang='lat' dir='ltr'><strong>personae</strong></span> <span class='ocrx_word' id='word_1_52' title='bbox 2135 1679 2236 1749; x_wconf 87' lang='lat' dir='ltr'><strong>vel</strong></span> <span class='ocrx_word' id='word_1_53' title='bbox 2282 1683 2373 1748; x_wconf 89' lang='lat' dir='ltr'><strong>rei</strong></span> <span class='ocrx_word' id='word_1_54' title='bbox 2420 1680 2585 1747; x_wconf 81' lang='lat' dir='ltr'><strong>alte-</strong></span> 
     </span>
     <span class='ocr_line' id='line_1_9' title="bbox 473 1793 2585 1890; baseline -0.001 -25"><span class='ocrx_word' id='word_1_55' title='bbox 473 1801 606 1865; x_wconf 88' lang='lat' dir='ltr'><strong>rius</strong></span> <span class='ocrx_word' id='word_1_56' title='bbox 644 1801 720 1890; x_wconf 70' lang='grc'><strong>(2</strong></span> <span class='ocrx_word' id='word_1_57' title='bbox 740 1801 788 1879; x_wconf 92' lang='grc'><strong>).</strong></span> <span class='ocrx_word' id='word_1_58' title='bbox 811 1794 1035 1884; x_wconf 84' lang='lat' dir='ltr'><strong>Quare</strong></span> <span class='ocrx_word' id='word_1_59' title='bbox 1058 1806 1227 1861; x_wconf 83' lang='lat' dir='ltr'><strong>recte</strong></span> <span class='ocrx_word' id='word_1_60' title='bbox 1253 1793 1491 1861; x_wconf 83' lang='lat' dir='ltr'><strong>dicitur</strong></span> <span class='ocrx_word' id='word_1_61' title='bbox 1523 1822 1541 1860; x_wconf 75' lang='lat' dir='ltr'><strong><em>z</em></strong></span> <span class='ocrx_word' id='word_1_62' title='bbox 1579 1825 1607 1856; x_wconf 72' lang='grc' dir='ltr'><strong>ιι</strong></span> <span class='ocrx_word' id='word_1_63' title='bbox 1626 1795 2016 1863; x_wconf 83' lang='lat' dir='ltr'><strong>Servitutem</strong></span> <span class='ocrx_word' id='word_1_64' title='bbox 2052 1820 2176 1862; x_wconf 84' lang='lat' dir='ltr'><strong>esse</strong></span> <span class='ocrx_word' id='word_1_65' title='bbox 2206 1794 2585 1887; x_wconf 80' lang='lat' dir='ltr'><strong>qualitatem</strong></span> 
     </span>
     <span class='ocr_line' id='line_1_10' title="bbox 383 1906 2582 2001; baseline 0.001 -29"><span class='ocrx_word' id='word_1_66' title='bbox 383 1982 388 1986; x_wconf 43' lang='grc'><strong>,</strong></span> <span class='ocrx_word' id='word_1_67' title='bbox 481 1939 515 1972; x_wconf 83' lang='grc' dir='ltr'><strong>ιι</strong></span> <span class='ocrx_word' id='word_1_68' title='bbox 559 1912 656 1977; x_wconf 83' lang='lat' dir='ltr'><strong>rei</strong></span> <span class='ocrx_word' id='word_1_69' title='bbox 718 1910 1080 2001; x_wconf 85' lang='lat' dir='ltr'>impositam</span> <span class='ocrx_word' id='word_1_70' title='bbox 1112 1959 1130 1989; x_wconf 95' lang='lat'><strong>,</strong></span> <span class='ocrx_word' id='word_1_71' title='bbox 1175 1933 1302 2001; x_wconf 81' lang='lat' dir='ltr'><strong>qua</strong></span> <span class='ocrx_word' id='word_1_72' title='bbox 1333 1910 1494 2001; x_wconf 80' lang='lat' dir='ltr'><strong>&#39;quis</strong></span> <span class='ocrx_word' id='word_1_73' title='bbox 1546 1914 1644 1998; x_wconf 83' lang='lat' dir='ltr'><strong>jus</strong></span> <span class='ocrx_word' id='word_1_74' title='bbox 1685 1933 1873 1976; x_wconf 87' lang='lat' dir='ltr'><strong>suum</strong></span> <span class='ocrx_word' id='word_1_75' title='bbox 1918 1909 2224 1976; x_wconf 87' lang='lat' dir='ltr'><strong>diminuit</strong></span> <span class='ocrx_word' id='word_1_76' title='bbox 2246 1959 2265 1989; x_wconf 93' lang='lat'><strong>,</strong></span> <span class='ocrx_word' id='word_1_77' title='bbox 2323 1906 2582 1975; x_wconf 82' lang='lat' dir='ltr'><strong>alterius</strong></span> 
     </span>
     <span class='ocr_line' id='line_1_11' title="bbox 480 2023 2584 2118; baseline 0.002 -32"><span class='ocrx_word' id='word_1_78' title='bbox 480 2055 512 2086; x_wconf 75' lang='grc' dir='ltr'>ι</span> <span class='ocrx_word' id='word_1_79' title='bbox 559 2037 753 2118; x_wconf 81' lang='lat' dir='ltr'><strong>auget</strong></span> <span class='ocrx_word' id='word_1_80' title='bbox 787 2056 814 2085; x_wconf 67' lang='grc' dir='ltr'><strong>»ι</strong></span> <span class='ocrx_word' id='word_1_81' title='bbox 856 2023 966 2110; x_wconf 85' lang='grc'><strong>(3).</strong></span> <span class='ocrx_word' id='word_1_82' title='bbox 997 2023 1411 2118; x_wconf 86' lang='lat' dir='ltr'>Consequens</span> <span class='ocrx_word' id='word_1_83' title='bbox 1437 2039 1532 2090; x_wconf 87' lang='lat' dir='ltr'><strong>est</strong></span> <span class='ocrx_word' id='word_1_84' title='bbox 1553 2049 1634 2091; x_wconf 84' lang='lat' dir='ltr'><strong>ex</strong></span> <span class='ocrx_word' id='word_1_85' title='bbox 1663 2023 2031 2092; x_wconf 83' lang='lat' dir='ltr'><strong>definitione</strong></span> <span class='ocrx_word' id='word_1_86' title='bbox 2068 2024 2255 2093; x_wconf 79' lang='lat' dir='ltr'><strong>allata</strong></span> <span class='ocrx_word' id='word_1_87' title='bbox 2274 2077 2292 2107; x_wconf 93' lang='lat'><strong>,</strong></span> <span class='ocrx_word' id='word_1_88' title='bbox 2320 2028 2418 2113; x_wconf 82' lang='lat' dir='ltr'><strong>jus</strong></span> <span class='ocrx_word' id='word_1_89' title='bbox 2441 2049 2584 2090; x_wconf 85' lang='lat' dir='ltr'><strong>ser-</strong></span> 
     </span>
     <span class='ocr_line' id='line_1_12' title="bbox 469 2140 2100 2232; baseline -0.003 -24"><span class='ocrx_word' id='word_1_90' title='bbox 469 2141 694 2208; x_wconf 79' lang='lat' dir='ltr'><strong>vitutis</strong></span> <span class='ocrx_word' id='word_1_91' title='bbox 732 2140 1142 2232; x_wconf 82' lang='lat' dir='ltr'><strong>sequentibus</strong></span> <span class='ocrx_word' id='word_1_92' title='bbox 1175 2152 1503 2207; x_wconf 77' lang='lat' dir='ltr'><strong>constare:</strong></span> <span class='ocrx_word' id='word_1_93' title='bbox 2084 2211 2100 2228; x_wconf 79' lang='lat'><strong>.</strong></span> 
     </span>
    </p>

    <p class='ocr_par' dir='ltr' id='par_1_5' title="bbox 469 2250 2584 2568">
     <span class='ocr_line' id='line_1_13' title="bbox 562 2250 2584 2340; baseline -0.001 -20"><span class='ocrx_word' id='word_1_94' title='bbox 562 2278 624 2320; x_wconf 86' lang='lat' dir='ltr'><strong>a.</strong></span> <span class='ocrx_word' id='word_1_95' title='bbox 666 2253 852 2332; x_wconf 8' lang='lat' dir='ltr'><strong>Illud,</strong></span> <span class='ocrx_word' id='word_1_96' title='bbox 882 2277 1009 2329; x_wconf 75' lang='lat' dir='ltr'><strong>esse</strong></span> <span class='ocrx_word' id='word_1_97' title='bbox 1037 2256 1162 2340; x_wconf 73' lang='lat' dir='ltr'><strong>,jus</strong></span> <span class='ocrx_word' id='word_1_98' title='bbox 1216 2256 1283 2319; x_wconf 88' lang='lat' dir='ltr'><strong>in</strong></span> <span class='ocrx_word' id='word_1_99' title='bbox 1334 2278 1406 2319; x_wconf 86' lang='lat' dir='ltr'><strong>re</strong></span> <span class='ocrx_word' id='word_1_100' title='bbox 1451 2303 1469 2334; x_wconf 92' lang='lat'><strong>,</strong></span> <span class='ocrx_word' id='word_1_101' title='bbox 1537 2250 1710 2319; x_wconf 86' lang='lat' dir='ltr'><strong>unde</strong></span> <span class='ocrx_word' id='word_1_102' title='bbox 1773 2255 2063 2340; x_wconf 67' lang='lat' dir='ltr'><strong>servitus⁴</strong></span> <span class='ocrx_word' id='word_1_103' title='bbox 2094 2255 2190 2320; x_wconf 87' lang='lat' dir='ltr'><strong>rei</strong></span> <span class='ocrx_word' id='word_1_104' title='bbox 2255 2253 2584 2321; x_wconf 83' lang='lat' dir='ltr'><strong>servientis</strong></span> 
     </span>
     <span class='ocr_line' id='line_1_14' title="bbox 471 2366 2579 2464; baseline -0.001 -30"><span class='ocrx_word' id='word_1_105' title='bbox 471 2368 746 2464; x_wconf 86' lang='lat' dir='ltr'><strong>qualitas</strong></span> <span class='ocrx_word' id='word_1_106' title='bbox 810 2366 938 2434; x_wconf 84' lang='lat' dir='ltr'><strong>dici</strong></span> <span class='ocrx_word' id='word_1_107' title='bbox 991 2379 1200 2462; x_wconf 82' lang='lat' dir='ltr'><strong>potest</strong></span> <span class='ocrx_word' id='word_1_108' title='bbox 1258 2367 1375 2454; x_wconf 74' lang='grc'><strong>(4)</strong></span> <span class='ocrx_word' id='word_1_109' title='bbox 1400 2420 1418 2449; x_wconf 93' lang='grc'><strong>,</strong></span> <span class='ocrx_word' id='word_1_110' title='bbox 1489 2392 1634 2462; x_wconf 83' lang='lat' dir='ltr'><strong>quae</strong></span> <span class='ocrx_word' id='word_1_111' title='bbox 1683 2366 1952 2435; x_wconf 88' lang='lat' dir='ltr'><strong>dominii</strong></span> <span class='ocrx_word' id='word_1_112' title='bbox 2019 2368 2376 2436; x_wconf 83' lang='lat' dir='ltr'><strong>mutatione</strong></span> <span class='ocrx_word' id='word_1_113' title='bbox 2445 2391 2579 2433; x_wconf 87' lang='lat' dir='ltr'><strong>non</strong></span> 
     </span>
     <span class='ocr_line' id='line_1_15' title="bbox 469 2482 1046 2568; baseline -0.003 -18"><span class='ocrx_word' id='word_1_114' title='bbox 469 2485 860 2552; x_wconf 80' lang='lat' dir='ltr'><strong>interimitur</strong></span> <span class='ocrx_word' id='word_1_115' title='bbox 900 2482 1046 2568; x_wconf 86' lang='grc'>(5).</span> 
     </span>
    </p>

    <p class='ocr_par' dir='ltr' id='par_1_6' title="bbox 472 2594 2582 2794">
     <span class='ocr_line' id='line_1_16' title="bbox 513 2594 2582 2690; baseline -0.001 -24"><span class='ocrx_word' id='word_1_116' title='bbox 513 2618 519 2625; x_wconf 88' lang='grc'>’</span> <span class='ocrx_word' id='word_1_117' title='bbox 564 2600 626 2666; x_wconf 82' lang='lat' dir='ltr'><strong>b.</strong></span> <span class='ocrx_word' id='word_1_118' title='bbox 676 2598 1066 2666; x_wconf 77' lang='lat' dir='ltr'><strong>Servituteiu</strong></span> <span class='ocrx_word' id='word_1_119' title='bbox 1103 2619 1231 2663; x_wconf 88' lang='lat' dir='ltr'><strong>esse</strong></span> <span class='ocrx_word' id='word_1_120' title='bbox 1275 2599 1375 2685; x_wconf 77' lang='lat' dir='ltr'><strong>jus</strong></span> <span class='ocrx_word' id='word_1_121' title='bbox 1411 2597 1482 2663; x_wconf 88' lang='lat' dir='ltr'><strong>in</strong></span> <span class='ocrx_word' id='word_1_122' title='bbox 1529 2620 1598 2662; x_wconf 85' lang='lat' dir='ltr'><strong>re</strong></span> <span class='ocrx_word' id='word_1_123' title='bbox 1638 2595 1846 2662; x_wconf 78' lang='lat' dir='ltr'><strong>aliena</strong></span> <span class='ocrx_word' id='word_1_124' title='bbox 1877 2640 1904 2676; x_wconf 88' lang='lat'><strong>,</strong></span> <span class='ocrx_word' id='word_1_125' title='bbox 1969 2594 2141 2662; x_wconf 87' lang='lat' dir='ltr'><strong>unde</strong></span> <span class='ocrx_word' id='word_1_126' title='bbox 2184 2619 2281 2663; x_wconf 86' lang='lat' dir='ltr'><strong>res</strong></span> <span class='ocrx_word' id='word_1_127' title='bbox 2318 2598 2582 2690; x_wconf 78' lang='lat' dir='ltr'><strong>propria</strong></span> 
     </span>
     <span class='ocr_line' id='line_1_17' title="bbox 472 2709 2576 2794; baseline -0.001 -14"><span class='ocrx_word' id='word_1_128' title='bbox 472 2715 720 2783; x_wconf 83' lang='lat' dir='ltr'><strong>nemini</strong></span> <span class='ocrx_word' id='word_1_129' title='bbox 756 2714 990 2781; x_wconf 85' lang='lat' dir='ltr'><strong>servire</strong></span> <span class='ocrx_word' id='word_1_130' title='bbox 1033 2710 1270 2778; x_wconf 85' lang='lat' dir='ltr'><strong>dicitur</strong></span> <span class='ocrx_word' id='word_1_131' title='bbox 1291 2760 1309 2791; x_wconf 93' lang='lat'><strong>,</strong></span> <span class='ocrx_word' id='word_1_132' title='bbox 1351 2734 1472 2777; x_wconf 87' lang='lat' dir='ltr'><strong>nec</strong></span> <span class='ocrx_word' id='word_1_133' title='bbox 1511 2712 1880 2779; x_wconf 80' lang='lat' dir='ltr'><strong>servitutem</strong></span> <span class='ocrx_word' id='word_1_134' title='bbox 1916 2733 2210 2777; x_wconf 83' lang='lat' dir='ltr'><strong>exercere</strong></span> <span class='ocrx_word' id='word_1_135' title='bbox 2245 2709 2541 2778; x_wconf 81' lang='lat' dir='ltr'><strong>dominus</strong></span> <span class='ocrx_word' id='word_1_136' title='bbox 2557 2763 2576 2794; x_wconf 95' lang='lat'><strong>,</strong></span> 
     </span>
    </p>
   </div>
   <div class='ocr_carea' id='block_1_5' title="bbox 449 3028 2582 4205">
    <p class='ocr_par' dir='ltr' id='par_1_7' title="bbox 472 3028 2580 3544">
     <span class='ocr_line' id='line_1_18' title="bbox 560 3028 2579 3117; baseline -0.001 -23"><span class='ocrx_word' id='word_1_137' title='bbox 560 3033 674 3116; x_wconf 85' lang='lat'><strong>(1)</strong></span> <span class='ocrx_word' id='word_1_138' title='bbox 720 3032 873 3094; x_wconf 87' lang='lat' dir='ltr'><strong>Inst.</strong></span> <span class='ocrx_word' id='word_1_139' title='bbox 913 3031 1027 3095; x_wconf 85' lang='lat' dir='ltr'><strong>lib.</strong></span> <span class='ocrx_word' id='word_1_140' title='bbox 1072 3051 1146 3108; x_wconf 88' lang='grc'><strong>2,</strong></span> <span class='ocrx_word' id='word_1_141' title='bbox 1179 3033 1280 3092; x_wconf 79' lang='lat' dir='ltr'><strong>tit.</strong></span> <span class='ocrx_word' id='word_1_142' title='bbox 1308 3030 1425 3092; x_wconf 85' lang='lat'><strong>3-5</strong></span> <span class='ocrx_word' id='word_1_143' title='bbox 1449 3050 1469 3109; x_wconf 79' lang='lat'>3</span> <span class='ocrx_word' id='word_1_144' title='bbox 1494 3031 1641 3115; x_wconf 88' lang='lat' dir='ltr'><strong>Dig.</strong></span> <span class='ocrx_word' id='word_1_145' title='bbox 1682 3028 1831 3094; x_wconf 83' lang='lat' dir='ltr'><strong>libri</strong></span> <span class='ocrx_word' id='word_1_146' title='bbox 1869 3055 1904 3117; x_wconf 86' lang='lat'><strong>7</strong></span> <span class='ocrx_word' id='word_1_147' title='bbox 1940 3044 1999 3095; x_wconf 82' lang='lat' dir='ltr'><strong>et</strong></span> <span class='ocrx_word' id='word_1_148' title='bbox 2024 3031 2117 3113; x_wconf 61' lang='lat'><strong>8}</strong></span> <span class='ocrx_word' id='word_1_149' title='bbox 2148 3031 2302 3093; x_wconf 87' lang='lat' dir='ltr'><strong>cod.</strong></span> <span class='ocrx_word' id='word_1_150' title='bbox 2354 3030 2467 3092; x_wconf 87' lang='lat' dir='ltr'><strong>lib.</strong></span> <span class='ocrx_word' id='word_1_151' title='bbox 2503 3034 2579 3110; x_wconf 83' lang='lat'><strong>3,</strong></span> 
     </span>
     <span class='ocr_line' id='line_1_19' title="bbox 474 3137 2580 3218; baseline -0.002 -14"><span class='ocrx_word' id='word_1_152' title='bbox 474 3143 577 3204; x_wconf 86' lang='lat' dir='ltr'><strong>tit.</strong></span> <span class='ocrx_word' id='word_1_153' title='bbox 613 3139 855 3218; x_wconf 71' lang='lat'><strong>33-343</strong></span> <span class='ocrx_word' id='word_1_154' title='bbox 902 3139 957 3199; x_wconf 83' lang='lat' dir='ltr'><strong>J.</strong></span> <span class='ocrx_word' id='word_1_155' title='bbox 999 3160 1033 3197; x_wconf 80' lang='lat' dir='ltr'><strong>a</strong></span> <span class='ocrx_word' id='word_1_156' title='bbox 1062 3138 1245 3199; x_wconf 84' lang='lat' dir='ltr'><strong>Costa</strong></span> <span class='ocrx_word' id='word_1_157' title='bbox 1269 3185 1286 3214; x_wconf 97' lang='lat'><strong>,</strong></span> <span class='ocrx_word' id='word_1_158' title='bbox 1325 3137 1606 3201; x_wconf 83' lang='lat' dir='ltr'><strong>Praelect.</strong></span> <span class='ocrx_word' id='word_1_159' title='bbox 1649 3139 1730 3200; x_wconf 83' lang='lat' dir='ltr'><strong>ad</strong></span> <span class='ocrx_word' id='word_1_160' title='bbox 1770 3141 1870 3202; x_wconf 83' lang='lat' dir='ltr'><strong>tit.</strong></span> <span class='ocrx_word' id='word_1_161' title='bbox 1902 3139 1982 3199; x_wconf 91' lang='lat' dir='ltr'><strong>D.</strong></span> <span class='ocrx_word' id='word_1_162' title='bbox 2019 3139 2096 3200; x_wconf 88' lang='lat' dir='ltr'><strong>de</strong></span> <span class='ocrx_word' id='word_1_163' title='bbox 2135 3142 2423 3203; x_wconf 84' lang='lat' dir='ltr'><strong>servitut.</strong></span> <span class='ocrx_word' id='word_1_164' title='bbox 2451 3187 2469 3214; x_wconf 89' lang='lat'><strong>,</strong></span> <span class='ocrx_word' id='word_1_165' title='bbox 2514 3140 2580 3200; x_wconf 84' lang='lat' dir='ltr'><strong>iu</strong></span> 
     </span>
     <span class='ocr_line' id='line_1_20' title="bbox 472 3245 2578 3333; baseline -0.002 -22"><span class='ocrx_word' id='word_1_166' title='bbox 472 3250 793 3312; x_wconf 84' lang='lat' dir='ltr'><strong>Thesauro</strong></span> <span class='ocrx_word' id='word_1_167' title='bbox 823 3247 1210 3308; x_wconf 67' lang='lat' dir='ltr'><strong>Meet-manni</strong></span> <span class='ocrx_word' id='word_1_168' title='bbox 1237 3292 1256 3323; x_wconf 91' lang='lat'><strong>,</strong></span> <span class='ocrx_word' id='word_1_169' title='bbox 1277 3247 1351 3307; x_wconf 87' lang='grc' dir='ltr'><strong>Τ.</strong></span> <span class='ocrx_word' id='word_1_170' title='bbox 1378 3249 1410 3308; x_wconf 91' lang='grc' dir='ltr'>Ι</span> <span class='ocrx_word' id='word_1_171' title='bbox 1432 3293 1453 3322; x_wconf 91' lang='grc'><strong>,</strong></span> <span class='ocrx_word' id='word_1_172' title='bbox 1484 3270 1548 3330; x_wconf 91' lang='lat' dir='ltr'><strong>p.</strong></span> <span class='ocrx_word' id='word_1_173' title='bbox 1578 3245 1853 3333; x_wconf 79' lang='lat'><strong>677-712</strong></span> <span class='ocrx_word' id='word_1_174' title='bbox 1886 3297 1902 3324; x_wconf 91' lang='lat'><strong>,</strong></span> <span class='ocrx_word' id='word_1_175' title='bbox 1935 3250 2094 3332; x_wconf 84' lang='lat' dir='ltr'><strong>etin</strong></span> <span class='ocrx_word' id='word_1_176' title='bbox 2120 3250 2249 3329; x_wconf 90' lang='lat' dir='ltr'><strong>ejus</strong></span> <span class='ocrx_word' id='word_1_177' title='bbox 2277 3246 2578 3328; x_wconf 82' lang='lat' dir='ltr'><strong>praelect.,</strong></span> 
     </span>
     <span class='ocr_line' id='line_1_21' title="bbox 473 3352 2574 3436; baseline -0.001 -17"><span class='ocrx_word' id='word_1_178' title='bbox 473 3358 573 3420; x_wconf 88' lang='lat' dir='ltr'><strong>ed.</strong></span> <span class='ocrx_word' id='word_1_179' title='bbox 593 3355 878 3430; x_wconf 76' lang='lat' dir='ltr'><strong>vom-da,</strong></span> <span class='ocrx_word' id='word_1_180' title='bbox 909 3377 972 3436; x_wconf 91' lang='lat' dir='ltr'><strong>p.</strong></span> <span class='ocrx_word' id='word_1_181' title='bbox 1001 3352 1226 3432; x_wconf 84' lang='lat'><strong>22-65·,</strong></span> <span class='ocrx_word' id='word_1_182' title='bbox 1251 3354 1345 3416; x_wconf 87' lang='lat' dir='ltr'><strong>Jo.</strong></span> <span class='ocrx_word' id='word_1_183' title='bbox 1367 3353 1684 3417; x_wconf 76' lang='lat' dir='ltr'><strong>d’Avezan</strong></span> <span class='ocrx_word' id='word_1_184' title='bbox 1704 3403 1721 3432; x_wconf 89' lang='lat'><strong>,</strong></span> <span class='ocrx_word' id='word_1_185' title='bbox 1753 3358 2126 3418; x_wconf 81' lang='lat' dir='ltr'><strong>servitutum</strong></span> <span class='ocrx_word' id='word_1_186' title='bbox 2150 3355 2335 3431; x_wconf 84' lang='lat' dir='ltr'><strong>liber,</strong></span> <span class='ocrx_word' id='word_1_187' title='bbox 2355 3354 2574 3417; x_wconf 73' lang='lat' dir='ltr'><strong>Aut-el.</strong></span> 
     </span>
     <span class='ocr_line' id='line_1_22' title="bbox 481 3459 2475 3544; baseline -0.002 -17"><span class='ocrx_word' id='word_1_188' title='bbox 481 3463 672 3540; x_wconf 75' lang='lat'><strong>1650,</strong></span> <span class='ocrx_word' id='word_1_189' title='bbox 722 3459 856 3540; x_wconf 57' lang='lat'><strong>49„</strong></span> <span class='ocrx_word' id='word_1_190' title='bbox 898 3463 1065 3522; x_wconf 81' lang='lat' dir='ltr'><strong>etin</strong></span> <span class='ocrx_word' id='word_1_191' title='bbox 1105 3460 1410 3521; x_wconf 82' lang='lat' dir='ltr'><strong>Thesaur.</strong></span> <span class='ocrx_word' id='word_1_192' title='bbox 1458 3462 1715 3525; x_wconf 88' lang='lat' dir='ltr'><strong>Meerm.</strong></span> <span class='ocrx_word' id='word_1_193' title='bbox 1760 3462 1838 3525; x_wconf 90' lang='lat' dir='ltr'><strong>T.</strong></span> <span class='ocrx_word' id='word_1_194' title='bbox 1891 3461 2019 3541; x_wconf 91' lang='lat' dir='ltr'><strong>IV,</strong></span> <span class='ocrx_word' id='word_1_195' title='bbox 2059 3484 2123 3543; x_wconf 91' lang='lat' dir='ltr'><strong>p.</strong></span> <span class='ocrx_word' id='word_1_196' title='bbox 2174 3464 2475 3544; x_wconf 78' lang='grc' dir='ltr'><strong>ιι9-232.</strong></span> 
     </span>
    </p>

    <p class='ocr_par' dir='ltr' id='par_1_8' title="bbox 555 3567 2007 3654">
     <span class='ocr_line' id='line_1_23' title="bbox 555 3567 2007 3654; baseline 0.001 -23"><span class='ocrx_word' id='word_1_197' title='bbox 555 3573 675 3653; x_wconf 81' lang='grc'><strong>(2)</strong></span> <span class='ocrx_word' id='word_1_198' title='bbox 717 3574 830 3631; x_wconf 82' lang='lat' dir='ltr'><strong>Ita</strong></span> <span class='ocrx_word' id='word_1_199' title='bbox 853 3568 1309 3652; x_wconf 79' lang='lat' dir='ltr'><strong>Westenberg,</strong></span> <span class='ocrx_word' id='word_1_200' title='bbox 1353 3567 1469 3630; x_wconf 82' lang='lat' dir='ltr'><strong>lib.</strong></span> <span class='ocrx_word' id='word_1_201' title='bbox 1512 3593 1583 3654; x_wconf 83' lang='lat'><strong>7,</strong></span> <span class='ocrx_word' id='word_1_202' title='bbox 1630 3570 1709 3630; x_wconf 88' lang='lat' dir='ltr'><strong>T.</strong></span> <span class='ocrx_word' id='word_1_203' title='bbox 1757 3570 1830 3647; x_wconf 91' lang='lat'><strong>1,</strong></span> <span class='ocrx_word' id='word_1_204' title='bbox 1874 3569 1905 3653; x_wconf 83' lang='lat'>§</span> <span class='ocrx_word' id='word_1_205' title='bbox 1950 3591 2007 3632; x_wconf 90' lang='grc'><strong>2.</strong></span> 
     </span>
    </p>

    <p class='ocr_par' dir='ltr' id='par_1_9' title="bbox 449 3666 2582 3973">
     <span class='ocr_line' id='line_1_24' title="bbox 555 3666 2582 3761; baseline -0.002 -20"><span class='ocrx_word' id='word_1_206' title='bbox 555 3666 669 3761; x_wconf 88' lang='grc'><strong>(3)</strong></span> <span class='ocrx_word' id='word_1_207' title='bbox 711 3678 802 3738; x_wconf 78' lang='lat' dir='ltr'><strong>lta</strong></span> <span class='ocrx_word' id='word_1_208' title='bbox 843 3673 1153 3757; x_wconf 77' lang='lat' dir='ltr'><strong>Ulpianus</strong></span> <span class='ocrx_word' id='word_1_209' title='bbox 1184 3675 1324 3736; x_wconf 87' lang='lat' dir='ltr'><strong>inl.</strong></span> <span class='ocrx_word' id='word_1_210' title='bbox 1358 3672 1436 3752; x_wconf 87' lang='lat'><strong>5,</strong></span> <span class='ocrx_word' id='word_1_211' title='bbox 1484 3675 1622 3758; x_wconf 84' lang='lat'><strong>§9,</strong></span> <span class='ocrx_word' id='word_1_212' title='bbox 1650 3676 1730 3736; x_wconf 92' lang='lat' dir='ltr'><strong>D.</strong></span> <span class='ocrx_word' id='word_1_213' title='bbox 1762 3677 1884 3760; x_wconf 89' lang='grc'><strong>39,</strong></span> <span class='ocrx_word' id='word_1_214' title='bbox 1922 3698 1990 3750; x_wconf 87' lang='lat'><strong>1,</strong></span> <span class='ocrx_word' id='word_1_215' title='bbox 2023 3676 2135 3760; x_wconf 88' lang='lat' dir='ltr'><strong>(de</strong></span> <span class='ocrx_word' id='word_1_216' title='bbox 2158 3699 2331 3761; x_wconf 74' lang='lat' dir='ltr'><strong>oper.</strong></span> <span class='ocrx_word' id='word_1_217' title='bbox 2363 3676 2582 3757; x_wconf 84' lang='lat' dir='ltr'><strong>novi).</strong></span> 
     </span>
     <span class='ocr_line' id='line_1_25' title="bbox 449 3748 2578 3866; baseline 0.001 -23"><span class='ocrx_word' id='word_1_218' title='bbox 449 3848 462 3857; x_wconf 51' lang='lat'><strong>,</strong></span> <span class='ocrx_word' id='word_1_219' title='bbox 559 3784 674 3864; x_wconf 75' lang='grc'><strong>(4)</strong></span> <span class='ocrx_word' id='word_1_220' title='bbox 718 3785 787 3844; x_wconf 90' lang='lat' dir='ltr'><strong>L.</strong></span> <span class='ocrx_word' id='word_1_221' title='bbox 839 3802 946 3859; x_wconf 81' lang='lat'><strong>12,</strong></span> <span class='ocrx_word' id='word_1_222' title='bbox 969 3782 1048 3857; x_wconf 88' lang='lat' dir='ltr'><strong>D.</strong></span> <span class='ocrx_word' id='word_1_223' title='bbox 1080 3780 1164 3858; x_wconf 87' lang='lat'><strong>8,</strong></span> <span class='ocrx_word' id='word_1_224' title='bbox 1202 3780 1284 3858; x_wconf 89' lang='grc'><strong>6,</strong></span> <span class='ocrx_word' id='word_1_225' title='bbox 1318 3748 1787 3866; x_wconf 81' lang='lat' dir='ltr'><strong>(quemadmod.</strong></span> <span class='ocrx_word' id='word_1_226' title='bbox 1825 3786 2045 3855; x_wconf 77' lang='lat' dir='ltr'><strong>seivit</strong></span> <span class='ocrx_word' id='word_1_227' title='bbox 2077 3787 2277 3848; x_wconf 81' lang='lat' dir='ltr'><strong>amitt.</strong></span> <span class='ocrx_word' id='word_1_228' title='bbox 2294 3785 2431 3866; x_wconf 84' lang='lat' dir='ltr'><strong>);l.</strong></span> <span class='ocrx_word' id='word_1_229' title='bbox 2464 3784 2578 3864; x_wconf 93' lang='lat'><strong>86,</strong></span> 
     </span>
     <span class='ocr_line' id='line_1_26' title="bbox 479 3888 1574 3973; baseline -0.005 -18"><span class='ocrx_word' id='word_1_230' title='bbox 479 3895 558 3955; x_wconf 89' lang='lat' dir='ltr'><strong>D.</strong></span> <span class='ocrx_word' id='word_1_231' title='bbox 600 3890 723 3967; x_wconf 85' lang='lat'><strong>50,</strong></span> <span class='ocrx_word' id='word_1_232' title='bbox 767 3888 877 3967; x_wconf 84' lang='lat'><strong>16,</strong></span> <span class='ocrx_word' id='word_1_233' title='bbox 929 3888 1044 3973; x_wconf 88' lang='lat' dir='ltr'><strong>(de</strong></span> <span class='ocrx_word' id='word_1_234' title='bbox 1081 3889 1256 3951; x_wconf 87' lang='lat' dir='ltr'><strong>verb.</strong></span> <span class='ocrx_word' id='word_1_235' title='bbox 1300 3890 1510 3973; x_wconf 85' lang='lat' dir='ltr'><strong>signif.</strong></span> <span class='ocrx_word' id='word_1_236' title='bbox 1530 3891 1574 3971; x_wconf 88' lang='lat'><strong>).</strong></span> 
     </span>
    </p>

    <p class='ocr_par' dir='ltr' id='par_1_10' title="bbox 485 3994 2581 4194">
     <span class='ocr_line' id='line_1_27' title="bbox 566 3994 2581 4085; baseline 0.003 -30"><span class='ocrx_word' id='word_1_237' title='bbox 566 3996 673 4080; x_wconf 87' lang='lat'><strong>(5)</strong></span> <span class='ocrx_word' id='word_1_238' title='bbox 719 3999 789 4058; x_wconf 92' lang='lat' dir='ltr'><strong>L.</strong></span> <span class='ocrx_word' id='word_1_239' title='bbox 839 4017 949 4079; x_wconf 82' lang='lat'><strong>19,</strong></span> <span class='ocrx_word' id='word_1_240' title='bbox 982 3996 1062 4056; x_wconf 96' lang='lat' dir='ltr'><strong>D.</strong></span> <span class='ocrx_word' id='word_1_241' title='bbox 1104 4019 1177 4082; x_wconf 85' lang='lat'><strong>7,</strong></span> <span class='ocrx_word' id='word_1_242' title='bbox 1206 3994 1282 4074; x_wconf 77' lang='grc'><strong>4,</strong></span> <span class='ocrx_word' id='word_1_243' title='bbox 1309 3994 1528 4078; x_wconf 81' lang='lat' dir='ltr'><strong>(quib.</strong></span> <span class='ocrx_word' id='word_1_244' title='bbox 1555 3996 1720 4059; x_wconf 88' lang='lat' dir='ltr'><strong>mod.</strong></span> <span class='ocrx_word' id='word_1_245' title='bbox 1741 4000 1971 4062; x_wconf 81' lang='lat' dir='ltr'><strong>ususfr.</strong></span> <span class='ocrx_word' id='word_1_246' title='bbox 2004 4000 2113 4067; x_wconf 86' lang='lat' dir='ltr'><strong>vel</strong></span> <span class='ocrx_word' id='word_1_247' title='bbox 2138 4003 2505 4066; x_wconf 82' lang='lat' dir='ltr'><strong>ususamitt.</strong></span> <span class='ocrx_word' id='word_1_248' title='bbox 2519 4002 2581 4085; x_wconf 81' lang='lat'><strong>);</strong></span> 
     </span>
     <span class='ocr_line' id='line_1_28' title="bbox 485 4100 1953 4205; baseline -0.003 -32"><span class='ocrx_word' id='word_1_249' title='bbox 485 4105 535 4173; x_wconf 86' lang='lat' dir='ltr'><strong>l.</strong></span> <span class='ocrx_word' id='word_1_250' title='bbox 566 4107 670 4180; x_wconf 90' lang='grc'><strong>3.,</strong></span> <span class='ocrx_word' id='word_1_251' title='bbox 710 4103 780 4165; x_wconf 88' lang='lat' dir='ltr'>C</span> <span class='ocrx_word' id='word_1_252' title='bbox 807 4105 894 4182; x_wconf 91' lang='grc'><strong>3</strong></span> <span class='ocrx_word' id='word_1_253' title='bbox 926 4100 1052 4183; x_wconf 77' lang='grc'><strong>34,</strong></span> <span class='ocrx_word' id='word_1_254' title='bbox 1094 4104 1205 4189; x_wconf 86' lang='lat' dir='ltr'><strong>(de</strong></span> <span class='ocrx_word' id='word_1_255' title='bbox 1247 4105 1536 4170; x_wconf 80' lang='lat' dir='ltr'><strong>servitut.</strong></span> <span class='ocrx_word' id='word_1_256' title='bbox 1576 4116 1640 4167; x_wconf 82' lang='lat' dir='ltr'><strong>et</strong></span> <span class='ocrx_word' id='word_1_257' title='bbox 1675 4106 1953 4205; x_wconf 77' lang='lat' dir='ltr'><strong>aqua).</strong></span> 
     </span>
    </p>
   </div>
   <div class='ocr_carea' id='block_1_6' title="bbox 439 4307 510 4354">
    <p class='ocr_par' dir='ltr' id='par_1_11' title="bbox 439 4307 510 4354">
     <span class='ocr_line' id='line_1_29' title="bbox 439 4307 510 4354; baseline 0 0"><span class='ocrx_word' id='word_1_258' title='bbox 439 4307 510 4354; x_wconf 56' lang='lat' dir='ltr'>W</span> 
     </span>
    </p>
   </div>
  </div>
 </body>
</html>
