<?xml version="1.0" encoding="UTF-8"?>
<!DOCTYPE html PUBLIC "-//W3C//DTD XHTML 1.0 Transitional//EN"
    "http://www.w3.org/TR/xhtml1/DTD/xhtml1-transitional.dtd">
<html xmlns="http://www.w3.org/1999/xhtml" xml:lang="en" lang="en">
 <head>
  <title>
</title>
<meta http-equiv="Content-Type" content="text/html;charset=utf-8" />
  <meta name='ocr-system' content='tesseract 3.04.00' />
  <meta name='ocr-capabilities' content='ocr_page ocr_carea ocr_par ocr_line ocrx_word'/>
</head>
<body>
  <div class='ocr_page' id='page_1' title='image "./commentariijuri00warngoog/commentariijuri00warngoog_0259.png"; bbox 0 0 2893 4778; ppageno 0'>
   <div class='ocr_carea' id='block_1_1' title="bbox 853 279 2353 381">
    <p class='ocr_par' dir='ltr' id='par_1_1' title="bbox 853 279 2353 381">
     <span class='ocr_line' id='line_1_1' title="bbox 853 279 2353 381; baseline -0.006 -28"><span class='ocrx_word' id='word_1_1' title='bbox 853 304 1068 353; x_wconf 74' lang='lat' dir='ltr'><strong>mmm</strong></span> <span class='ocrx_word' id='word_1_2' title='bbox 1118 304 1171 351; x_wconf 93' lang='lat'><strong>1.</strong></span> <span class='ocrx_word' id='word_1_3' title='bbox 1225 321 1319 335; x_wconf 90' lang='lat'>-</span> <span class='ocrx_word' id='word_1_4' title='bbox 1384 301 1540 350; x_wconf 75' lang='lat' dir='ltr'><strong>CAP.</strong></span> <span class='ocrx_word' id='word_1_5' title='bbox 1593 304 1692 352; x_wconf 77' lang='grc' dir='ltr'><strong>ιν.</strong></span> <span class='ocrx_word' id='word_1_6' title='bbox 2188 279 2353 381; x_wconf 78' lang='lat'><strong>259.</strong></span> 
     </span>
    </p>
   </div>
   <div class='ocr_carea' id='block_1_2' title="bbox 965 403 1597 531">
    <p class='ocr_par' dir='ltr' id='par_1_2' title="bbox 965 403 1597 531">
     <span class='ocr_line' id='line_1_2' title="bbox 965 403 1597 531; baseline -0.003 -1"><span class='ocrx_word' id='word_1_7' title='bbox 965 403 1369 530; x_wconf 69' lang='lat' dir='ltr'><strong>CAPUT</strong></span> <span class='ocrx_word' id='word_1_8' title='bbox 1443 453 1597 531; x_wconf 80' lang='lat' dir='ltr'><strong>lv,</strong></span> 
     </span>
    </p>
   </div>
   <div class='ocr_carea' id='block_1_3' title="bbox 675 647 1877 700">
    <p class='ocr_par' dir='ltr' id='par_1_3' title="bbox 675 647 1877 700">
     <span class='ocr_line' id='line_1_3' title="bbox 675 647 1877 700; baseline -0.003 0"><span class='ocrx_word' id='word_1_9' title='bbox 675 651 771 700; x_wconf 84' lang='lat' dir='ltr'><strong>DE</strong></span> <span class='ocrx_word' id='word_1_10' title='bbox 823 647 1073 699; x_wconf 73' lang='lat' dir='ltr'>FACTIS</span> <span class='ocrx_word' id='word_1_11' title='bbox 1122 650 1214 697; x_wconf 82' lang='grc' dir='ltr'><strong>ΕΤ</strong></span> <span class='ocrx_word' id='word_1_12' title='bbox 1264 648 1464 698; x_wconf 80' lang='lat' dir='ltr'><strong>sums</strong></span> <span class='ocrx_word' id='word_1_13' title='bbox 1513 647 1877 697; x_wconf 74' lang='lat' dir='ltr'><strong>NEGO‘rns.</strong></span> 
     </span>
    </p>
   </div>
   <div class='ocr_carea' id='block_1_4' title="bbox 364 788 2184 894">
    <p class='ocr_par' dir='ltr' id='par_1_4' title="bbox 364 788 2184 894">
     <span class='ocr_line' id='line_1_4' title="bbox 364 788 2184 894; baseline -0.002 -35"><span class='ocrx_word' id='word_1_14' title='bbox 364 792 470 859; x_wconf 83' lang='lat' dir='ltr'><strong>A.</strong></span> <span class='ocrx_word' id='word_1_15' title='bbox 516 791 631 859; x_wconf 83' lang='lat' dir='ltr'><strong>De</strong></span> <span class='ocrx_word' id='word_1_16' title='bbox 656 793 873 883; x_wconf 66' lang='lat' dir='ltr'><strong>sactis·</strong></span> <span class='ocrx_word' id='word_1_17' title='bbox 918 797 1220 860; x_wconf 72' lang='lat' dir='ltr'><strong>universe</strong></span> <span class='ocrx_word' id='word_1_18' title='bbox 1265 795 1336 855; x_wconf 80' lang='lat' dir='ltr'><strong>in</strong></span> <span class='ocrx_word' id='word_1_19' title='bbox 1361 798 1524 884; x_wconf 82' lang='lat' dir='ltr'><strong>jure</strong></span> <span class='ocrx_word' id='word_1_20' title='bbox 1571 788 2005 894; x_wconf 45' lang='lat' dir='ltr'><strong>consideratis⁸</strong></span> <span class='ocrx_word' id='word_1_21' title='bbox 2051 793 2184 876; x_wconf 87' lang='lat'><strong>(1).</strong></span> 
     </span>
    </p>
   </div>
   <div class='ocr_carea' id='block_1_5' title="bbox 228 957 2413 2890">
    <p class='ocr_par' dir='ltr' id='par_1_5' title="bbox 228 957 2339 1269">
     <span class='ocr_line' id='line_1_5' title="bbox 315 957 2339 1052; baseline 0 -25"><span class='ocrx_word' id='word_1_22' title='bbox 315 982 427 1052; x_wconf 87' lang='lat'><strong>99.</strong></span> <span class='ocrx_word' id='word_1_23' title='bbox 474 958 671 1028; x_wconf 82' lang='lat' dir='ltr'><strong>Facta</strong></span> <span class='ocrx_word' id='word_1_24' title='bbox 711 957 814 1030; x_wconf 82' lang='lat' dir='ltr'><strong>vel</strong></span> <span class='ocrx_word' id='word_1_25' title='bbox 857 960 1136 1026; x_wconf 84' lang='lat' dir='ltr'><strong>actiones</strong></span> <span class='ocrx_word' id='word_1_26' title='bbox 1175 957 1523 1025; x_wconf 88' lang='lat' dir='ltr'><strong>hominum</strong></span> <span class='ocrx_word' id='word_1_27' title='bbox 1573 958 1776 1026; x_wconf 84' lang='lat' dir='ltr'><strong>varias</strong></span> <span class='ocrx_word' id='word_1_28' title='bbox 1822 959 1905 1025; x_wconf 87' lang='lat' dir='ltr'><strong>ob</strong></span> <span class='ocrx_word' id='word_1_29' title='bbox 1955 961 2228 1027; x_wconf 84' lang='lat' dir='ltr'><strong>rationes</strong></span> <span class='ocrx_word' id='word_1_30' title='bbox 2267 959 2339 1028; x_wconf 91' lang='lat' dir='ltr'><strong>in</strong></span> 
     </span>
     <span class='ocr_line' id='line_1_6' title="bbox 228 1070 2339 1168; baseline -0 -26"><span class='ocrx_word' id='word_1_31' title='bbox 228 1077 366 1165; x_wconf 84' lang='lat' dir='ltr'><strong>jure</strong></span> <span class='ocrx_word' id='word_1_32' title='bbox 403 1073 792 1142; x_wconf 85' lang='lat' dir='ltr'><strong>considerari</strong></span> <span class='ocrx_word' id='word_1_33' title='bbox 843 1071 1080 1140; x_wconf 85' lang='lat' dir='ltr'><strong>debent</strong></span> <span class='ocrx_word' id='word_1_34' title='bbox 1109 1123 1127 1153; x_wconf 84' lang='lat'>,</span> <span class='ocrx_word' id='word_1_35' title='bbox 1177 1074 1528 1164; x_wconf 83' lang='lat' dir='ltr'><strong>praesertim</strong></span> <span class='ocrx_word' id='word_1_36' title='bbox 1576 1070 1752 1163; x_wconf 75' lang='lat' dir='ltr'><strong>quod</strong></span> <span class='ocrx_word' id='word_1_37' title='bbox 1798 1076 1940 1159; x_wconf 84' lang='lat' dir='ltr'><strong>jura</strong></span> <span class='ocrx_word' id='word_1_38' title='bbox 1978 1087 2043 1141; x_wconf 85' lang='lat' dir='ltr'><strong>et</strong></span> <span class='ocrx_word' id='word_1_39' title='bbox 2082 1073 2339 1168; x_wconf 85' lang='lat' dir='ltr'><strong>obliga-</strong></span> 
     </span>
     <span class='ocr_line' id='line_1_7' title="bbox 229 1186 2012 1269; baseline -0.002 -9"><span class='ocrx_word' id='word_1_40' title='bbox 229 1192 434 1260; x_wconf 83' lang='lat' dir='ltr'><strong>tiones</strong></span> <span class='ocrx_word' id='word_1_41' title='bbox 472 1191 549 1256; x_wconf 89' lang='lat' dir='ltr'><strong>iis</strong></span> <span class='ocrx_word' id='word_1_42' title='bbox 576 1190 1057 1258; x_wconf 85' lang='lat' dir='ltr'><strong>constituuntur</strong></span> <span class='ocrx_word' id='word_1_43' title='bbox 1082 1240 1099 1269; x_wconf 94' lang='lat'>,</span> <span class='ocrx_word' id='word_1_44' title='bbox 1138 1200 1471 1256; x_wconf 87' lang='lat' dir='ltr'><strong>mutantur</strong></span> <span class='ocrx_word' id='word_1_45' title='bbox 1489 1240 1505 1268; x_wconf 88' lang='lat'>,</span> <span class='ocrx_word' id='word_1_46' title='bbox 1533 1186 1635 1255; x_wconf 88' lang='lat' dir='ltr'><strong>vel</strong></span> <span class='ocrx_word' id='word_1_47' title='bbox 1674 1187 2012 1256; x_wconf 82' lang='lat' dir='ltr'><strong>finiuntur.</strong></span> 
     </span>
    </p>

    <p class='ocr_par' dir='ltr' id='par_1_6' title="bbox 228 1301 2413 2431">
     <span class='ocr_line' id='line_1_8' title="bbox 318 1301 2343 1396; baseline -0.001 -25"><span class='ocrx_word' id='word_1_48' title='bbox 318 1305 452 1372; x_wconf 90' lang='lat' dir='ltr'><strong>Pro</strong></span> <span class='ocrx_word' id='word_1_49' title='bbox 478 1303 647 1372; x_wconf 79' lang='lat' dir='ltr'><strong>facto</strong></span> <span class='ocrx_word' id='word_1_50' title='bbox 677 1304 801 1371; x_wconf 86' lang='lat' dir='ltr'><strong>hoc</strong></span> <span class='ocrx_word' id='word_1_51' title='bbox 836 1302 981 1371; x_wconf 88' lang='lat' dir='ltr'><strong>loco</strong></span> <span class='ocrx_word' id='word_1_52' title='bbox 1018 1304 1230 1371; x_wconf 89' lang='lat' dir='ltr'><strong>omnis</strong></span> <span class='ocrx_word' id='word_1_53' title='bbox 1269 1315 1532 1371; x_wconf 89' lang='lat' dir='ltr'><strong>eventus</strong></span> <span class='ocrx_word' id='word_1_54' title='bbox 1573 1301 1886 1393; x_wconf 76' lang='lat' dir='ltr'>accipitur</span> <span class='ocrx_word' id='word_1_55' title='bbox 1913 1348 1940 1382; x_wconf 83' lang='lat'><em>,</em></span> <span class='ocrx_word' id='word_1_56' title='bbox 1982 1304 2098 1394; x_wconf 92' lang='lat' dir='ltr'><strong>qui</strong></span> <span class='ocrx_word' id='word_1_57' title='bbox 2138 1303 2343 1396; x_wconf 84' lang='lat' dir='ltr'><strong>origi-</strong></span> 
     </span>
     <span class='ocr_line' id='line_1_9' title="bbox 232 1417 2342 1512; baseline 0.001 -25"><span class='ocrx_word' id='word_1_58' title='bbox 232 1444 380 1487; x_wconf 86' lang='lat' dir='ltr'><strong>nem</strong></span> <span class='ocrx_word' id='word_1_59' title='bbox 424 1420 608 1488; x_wconf 87' lang='lat' dir='ltr'><strong>ducit</strong></span> <span class='ocrx_word' id='word_1_60' title='bbox 644 1444 727 1486; x_wconf 86' lang='lat' dir='ltr'><strong>ex</strong></span> <span class='ocrx_word' id='word_1_61' title='bbox 762 1417 1088 1488; x_wconf 85' lang='lat' dir='ltr'><strong>voluntate</strong></span> <span class='ocrx_word' id='word_1_62' title='bbox 1122 1432 1187 1485; x_wconf 90' lang='lat' dir='ltr'><strong>et</strong></span> <span class='ocrx_word' id='word_1_63' title='bbox 1227 1418 1495 1485; x_wconf 87' lang='lat' dir='ltr'><strong>consilio</strong></span> <span class='ocrx_word' id='word_1_64' title='bbox 1532 1418 1815 1485; x_wconf 83' lang='lat' dir='ltr'><strong>hominis</strong></span> <span class='ocrx_word' id='word_1_65' title='bbox 1846 1445 1864 1504; x_wconf 79' lang='lat'><em>3</em></span> <span class='ocrx_word' id='word_1_66' title='bbox 1919 1442 2123 1512; x_wconf 87' lang='lat' dir='ltr'><strong>eoque</strong></span> <span class='ocrx_word' id='word_1_67' title='bbox 2156 1445 2342 1489; x_wconf 87' lang='lat' dir='ltr'><strong>sensu</strong></span> 
     </span>
     <span class='ocr_line' id='line_1_10' title="bbox 228 1532 2344 1629; baseline 0 -27"><span class='ocrx_word' id='word_1_68' title='bbox 228 1534 398 1603; x_wconf 79' lang='lat' dir='ltr'><strong>facta</strong></span> <span class='ocrx_word' id='word_1_69' title='bbox 442 1548 660 1602; x_wconf 80' lang='lat' dir='ltr'><strong>nostra</strong></span> <span class='ocrx_word' id='word_1_70' title='bbox 704 1538 876 1603; x_wconf 77' lang='lat' dir='ltr'><strong>casui</strong></span> <span class='ocrx_word' id='word_1_71' title='bbox 913 1547 1362 1627; x_wconf 88' lang='lat' dir='ltr'><strong>opponuntur.</strong></span> <span class='ocrx_word' id='word_1_72' title='bbox 1407 1532 1608 1624; x_wconf 87' lang='lat' dir='ltr'><strong>Quod</strong></span> <span class='ocrx_word' id='word_1_73' title='bbox 1654 1534 1856 1626; x_wconf 85' lang='lat' dir='ltr'><strong>igitur</strong></span> <span class='ocrx_word' id='word_1_74' title='bbox 1898 1535 2028 1601; x_wconf 81' lang='lat' dir='ltr'><strong>sola</strong></span> <span class='ocrx_word' id='word_1_75' title='bbox 2062 1540 2344 1629; x_wconf 84' lang='lat' dir='ltr'><strong>corporis</strong></span> 
     </span>
     <span class='ocr_line' id='line_1_11' title="bbox 229 1648 2345 1742; baseline 0 -22"><span class='ocrx_word' id='word_1_76' title='bbox 229 1651 296 1720; x_wconf 80' lang='lat' dir='ltr'><strong>vi</strong></span> <span class='ocrx_word' id='word_1_77' title='bbox 353 1649 782 1719; x_wconf 80' lang='lat' dir='ltr'><strong>committitur</strong></span> <span class='ocrx_word' id='word_1_78' title='bbox 838 1649 1072 1742; x_wconf 85' lang='lat' dir='ltr'><strong>absque</strong></span> <span class='ocrx_word' id='word_1_79' title='bbox 1131 1649 1379 1741; x_wconf 80' lang='lat' dir='ltr'><strong>agentis</strong></span> <span class='ocrx_word' id='word_1_80' title='bbox 1439 1648 1707 1715; x_wconf 89' lang='lat' dir='ltr'><strong>consilio</strong></span> <span class='ocrx_word' id='word_1_81' title='bbox 1747 1701 1764 1726; x_wconf 87' lang='lat'><strong>,</strong></span> <span class='ocrx_word' id='word_1_82' title='bbox 1828 1648 2031 1717; x_wconf 79' lang='lat' dir='ltr'><strong>veluti</strong></span> <span class='ocrx_word' id='word_1_83' title='bbox 2086 1650 2266 1741; x_wconf 86' lang='lat' dir='ltr'><strong>quod</strong></span> <span class='ocrx_word' id='word_1_84' title='bbox 2306 1679 2345 1720; x_wconf 80' lang='lat' dir='ltr'><strong>a</strong></span> 
     </span>
     <span class='ocr_line' id='line_1_12' title="bbox 232 1761 2413 1855; baseline 0.001 -24"><span class='ocrx_word' id='word_1_85' title='bbox 232 1761 475 1832; x_wconf 82' lang='lat' dir='ltr'><strong>furioso</strong></span> <span class='ocrx_word' id='word_1_86' title='bbox 531 1763 608 1832; x_wconf 91' lang='lat' dir='ltr'><strong>fit</strong></span> <span class='ocrx_word' id='word_1_87' title='bbox 672 1761 776 1834; x_wconf 82' lang='lat' dir='ltr'><strong>vel</strong></span> <span class='ocrx_word' id='word_1_88' title='bbox 835 1764 916 1832; x_wconf 82' lang='lat' dir='ltr'><strong>ab</strong></span> <span class='ocrx_word' id='word_1_89' title='bbox 938 1788 973 1830; x_wconf 91' lang='lat' dir='ltr'><strong>e</strong></span> <span class='ocrx_word' id='word_1_90' title='bbox 1008 1764 1157 1831; x_wconf 88' lang='lat' dir='ltr'><strong>brio</strong></span> <span class='ocrx_word' id='word_1_91' title='bbox 1192 1814 1210 1844; x_wconf 87' lang='lat'>,</span> <span class='ocrx_word' id='word_1_92' title='bbox 1269 1761 1336 1828; x_wconf 86' lang='lat' dir='ltr'><strong>id</strong></span> <span class='ocrx_word' id='word_1_93' title='bbox 1396 1765 1568 1830; x_wconf 82' lang='lat' dir='ltr'><strong>casui</strong></span> <span class='ocrx_word' id='word_1_94' title='bbox 1632 1763 2060 1855; x_wconf 83' lang='lat' dir='ltr'><strong>aequiparatur</strong></span> <span class='ocrx_word' id='word_1_95' title='bbox 2109 1789 2227 1831; x_wconf 86' lang='lat' dir='ltr'><strong>nec</strong></span> <span class='ocrx_word' id='word_1_96' title='bbox 2284 1767 2345 1834; x_wconf 90' lang='lat' dir='ltr'><strong>ei</strong></span> <span class='ocrx_word' id='word_1_97' title='bbox 2410 1797 2413 1798; x_wconf 42' lang='lat'><em>⁷</em></span> 
     </span>
     <span class='ocr_line' id='line_1_13' title="bbox 232 1877 2346 1974; baseline 0 -29"><span class='ocrx_word' id='word_1_98' title='bbox 232 1879 551 1973; x_wconf 83' lang='lat' dir='ltr'><strong>imputari</strong></span> <span class='ocrx_word' id='word_1_99' title='bbox 617 1877 805 1946; x_wconf 85' lang='lat' dir='ltr'><strong>debet</strong></span> <span class='ocrx_word' id='word_1_100' title='bbox 851 1884 888 1974; x_wconf 21' lang='grc' dir='ltr'><strong>Ι(</strong></span> <span class='ocrx_word' id='word_1_101' title='bbox 910 1903 947 1945; x_wconf 82' lang='lat'>2</span> <span class='ocrx_word' id='word_1_102' title='bbox 973 1884 1014 1964; x_wconf 90' lang='lat'><strong>).</strong></span> <span class='ocrx_word' id='word_1_103' title='bbox 1078 1877 1246 1947; x_wconf 84' lang='lat' dir='ltr'><strong>Solae</strong></span> <span class='ocrx_word' id='word_1_104' title='bbox 1313 1902 1466 1945; x_wconf 80' lang='lat' dir='ltr'><strong>vero</strong></span> <span class='ocrx_word' id='word_1_105' title='bbox 1535 1880 1952 1969; x_wconf 76' lang='lat' dir='ltr'><strong>cogitationes</strong></span> <span class='ocrx_word' id='word_1_106' title='bbox 2008 1878 2107 1948; x_wconf 77' lang='lat' dir='ltr'><strong>vel</strong></span> <span class='ocrx_word' id='word_1_107' title='bbox 2170 1877 2346 1962; x_wconf 80' lang='lat' dir='ltr'><strong>nuda</strong></span> 
     </span>
     <span class='ocr_line' id='line_1_14' title="bbox 235 1991 2349 2085; baseline -0 -24"><span class='ocrx_word' id='word_1_108' title='bbox 235 1994 508 2061; x_wconf 86' lang='lat' dir='ltr'><strong>consilia</strong></span> <span class='ocrx_word' id='word_1_109' title='bbox 525 2045 542 2074; x_wconf 90' lang='lat'>‚</span> <span class='ocrx_word' id='word_1_110' title='bbox 585 2017 733 2085; x_wconf 84' lang='lat' dir='ltr'><strong>quae</strong></span> <span class='ocrx_word' id='word_1_111' title='bbox 769 1991 986 2062; x_wconf 90' lang='lat' dir='ltr'><strong>nullus</strong></span> <span class='ocrx_word' id='word_1_112' title='bbox 1020 2006 1268 2060; x_wconf 87' lang='lat' dir='ltr'><strong>secutus</strong></span> <span class='ocrx_word' id='word_1_113' title='bbox 1300 2004 1393 2058; x_wconf 89' lang='lat' dir='ltr'><strong>est</strong></span> <span class='ocrx_word' id='word_1_114' title='bbox 1426 1992 1687 2060; x_wconf 82' lang='lat' dir='ltr'><strong>effectus</strong></span> <span class='ocrx_word' id='word_1_115' title='bbox 1716 2042 1733 2071; x_wconf 87' lang='lat'>‚</span> <span class='ocrx_word' id='word_1_116' title='bbox 1766 1991 2011 2058; x_wconf 74' lang='lat' dir='ltr'><strong>nullius</strong></span> <span class='ocrx_word' id='word_1_117' title='bbox 2038 1997 2349 2061; x_wconf 89' lang='lat' dir='ltr'><strong>momenti</strong></span> 
     </span>
     <span class='ocr_line' id='line_1_15' title="bbox 233 2103 2350 2206; baseline -0.001 -31"><span class='ocrx_word' id='word_1_118' title='bbox 233 2109 304 2175; x_wconf 89' lang='lat' dir='ltr'><strong>in</strong></span> <span class='ocrx_word' id='word_1_119' title='bbox 333 2113 482 2198; x_wconf 81' lang='lat' dir='ltr'><strong>jure</strong></span> <span class='ocrx_word' id='word_1_120' title='bbox 525 2108 843 2206; x_wconf 78' lang='lat' dir='ltr'><strong>habentur</strong></span> <span class='ocrx_word' id='word_1_121' title='bbox 882 2106 1014 2194; x_wconf 85' lang='lat'><strong>(3).</strong></span> <span class='ocrx_word' id='word_1_122' title='bbox 1058 2108 1338 2174; x_wconf 85' lang='lat' dir='ltr'><strong>Eatenus</strong></span> <span class='ocrx_word' id='word_1_123' title='bbox 1373 2120 1592 2173; x_wconf 87' lang='lat' dir='ltr'><strong>tamen</strong></span> <span class='ocrx_word' id='word_1_124' title='bbox 1634 2103 1880 2178; x_wconf 83' lang='lat' dir='ltr'><strong>consilii</strong></span> <span class='ocrx_word' id='word_1_125' title='bbox 1911 2105 2012 2174; x_wconf 88' lang='lat' dir='ltr'><strong>vel</strong></span> <span class='ocrx_word' id='word_1_126' title='bbox 2041 2111 2350 2200; x_wconf 82' lang='lat' dir='ltr'><strong>propositi</strong></span> 
     </span>
     <span class='ocr_line' id='line_1_16' title="bbox 234 2219 2346 2312; baseline -0.001 -21"><span class='ocrx_word' id='word_1_127' title='bbox 234 2225 440 2291; x_wconf 86' lang='lat' dir='ltr'><strong>nostri</strong></span> <span class='ocrx_word' id='word_1_128' title='bbox 487 2224 655 2290; x_wconf 86' lang='lat' dir='ltr'><strong>ratio</strong></span> <span class='ocrx_word' id='word_1_129' title='bbox 690 2219 986 2290; x_wconf 79' lang='lat' dir='ltr'><strong>habenda</strong></span> <span class='ocrx_word' id='word_1_130' title='bbox 1028 2237 1121 2289; x_wconf 88' lang='lat' dir='ltr'><strong>est</strong></span> <span class='ocrx_word' id='word_1_131' title='bbox 1146 2273 1161 2300; x_wconf 85' lang='lat'>‚</span> <span class='ocrx_word' id='word_1_132' title='bbox 1224 2233 1539 2312; x_wconf 87' lang='lat' dir='ltr'><strong>quatenus</strong></span> <span class='ocrx_word' id='word_1_133' title='bbox 1582 2244 1658 2287; x_wconf 91' lang='lat' dir='ltr'><strong>eo</strong></span> <span class='ocrx_word' id='word_1_134' title='bbox 1699 2245 1883 2286; x_wconf 82' lang='lat' dir='ltr'><strong>causa</strong></span> <span class='ocrx_word' id='word_1_135' title='bbox 1928 2233 1993 2287; x_wconf 86' lang='lat' dir='ltr'><strong>et</strong></span> <span class='ocrx_word' id='word_1_136' title='bbox 2029 2220 2173 2287; x_wconf 86' lang='lat' dir='ltr'><strong>finis</strong></span> <span class='ocrx_word' id='word_1_137' title='bbox 2219 2220 2346 2288; x_wconf 80' lang='lat' dir='ltr'>ali-</span> 
     </span>
     <span class='ocr_line' id='line_1_17' title="bbox 243 2333 1988 2431; baseline -0.004 -23"><span class='ocrx_word' id='word_1_138' title='bbox 243 2342 428 2430; x_wconf 80' lang='lat' dir='ltr'><strong>cujus</strong></span> <span class='ocrx_word' id='word_1_139' title='bbox 463 2337 618 2408; x_wconf 84' lang='lat' dir='ltr'><strong>facti</strong></span> <span class='ocrx_word' id='word_1_140' title='bbox 649 2342 780 2427; x_wconf 83' lang='lat' dir='ltr'><strong>jam</strong></span> <span class='ocrx_word' id='word_1_141' title='bbox 812 2338 1157 2431; x_wconf 86' lang='lat' dir='ltr'><strong>perpetrati</strong></span> <span class='ocrx_word' id='word_1_142' title='bbox 1194 2334 1529 2424; x_wconf 83' lang='lat' dir='ltr'><strong>dijudicari</strong></span> <span class='ocrx_word' id='word_1_143' title='bbox 1559 2347 1824 2428; x_wconf 87' lang='lat' dir='ltr'><strong>possunt</strong></span> <span class='ocrx_word' id='word_1_144' title='bbox 1859 2333 1988 2419; x_wconf 75' lang='grc'>(4).</span> 
     </span>
    </p>

    <p class='ocr_par' dir='ltr' id='par_1_7' title="bbox 241 2449 2341 2659">
     <span class='ocr_line' id='line_1_18' title="bbox 329 2449 2341 2546; baseline -0.002 -25"><span class='ocrx_word' id='word_1_145' title='bbox 329 2454 534 2523; x_wconf 82' lang='lat' dir='ltr'><strong>Facta</strong></span> <span class='ocrx_word' id='word_1_146' title='bbox 582 2451 996 2546; x_wconf 78' lang='lat' dir='ltr'><strong>impossibilia</strong></span> <span class='ocrx_word' id='word_1_147' title='bbox 1017 2504 1035 2534; x_wconf 86' lang='lat'>‚</span> <span class='ocrx_word' id='word_1_148' title='bbox 1086 2454 1129 2518; x_wconf 92' lang='lat' dir='ltr'><strong>i.</strong></span> <span class='ocrx_word' id='word_1_149' title='bbox 1163 2475 1220 2519; x_wconf 90' lang='lat' dir='ltr'><strong>e.</strong></span> <span class='ocrx_word' id='word_1_150' title='bbox 1275 2473 1419 2544; x_wconf 83' lang='lat' dir='ltr'><strong>quae</strong></span> <span class='ocrx_word' id='word_1_151' title='bbox 1463 2476 1500 2516; x_wconf 85' lang='lat' dir='ltr'>a</span> <span class='ocrx_word' id='word_1_152' title='bbox 1550 2452 1804 2543; x_wconf 83' lang='lat' dir='ltr'><strong>nemine</strong></span> <span class='ocrx_word' id='word_1_153' title='bbox 1843 2449 1984 2517; x_wconf 82' lang='lat' dir='ltr'><strong>fieri</strong></span> <span class='ocrx_word' id='word_1_154' title='bbox 2029 2462 2296 2542; x_wconf 84' lang='lat' dir='ltr'><strong>possunt</strong></span> <span class='ocrx_word' id='word_1_155' title='bbox 2323 2501 2341 2532; x_wconf 89' lang='lat'>,</span> 
     </span>
     <span class='ocr_line' id='line_1_19' title="bbox 241 2554 1993 2659; baseline -0.006 -21"><span class='ocrx_word' id='word_1_156' title='bbox 241 2554 421 2638; x_wconf 81' lang='lat' dir='ltr'><strong>nullo</strong></span> <span class='ocrx_word' id='word_1_157' title='bbox 453 2573 595 2659; x_wconf 68' lang='lat' dir='ltr'><strong>jure</strong></span> <span class='ocrx_word' id='word_1_158' title='bbox 630 2568 932 2657; x_wconf 76' lang='lat' dir='ltr'><strong>jubentur</strong></span> <span class='ocrx_word' id='word_1_159' title='bbox 966 2565 1100 2653; x_wconf 83' lang='lat'><strong>(5).</strong></span> <span class='ocrx_word' id='word_1_160' title='bbox 1984 2638 1993 2647; x_wconf 49' lang='lat'><em>,</em></span> 
     </span>
    </p>

    <p class='ocr_par' dir='ltr' id='par_1_8' title="bbox 343 2678 2057 2768">
     <span class='ocr_line' id='line_1_20' title="bbox 343 2678 2057 2768; baseline -0.004 -17"><span class='ocrx_word' id='word_1_161' title='bbox 343 2706 483 2751; x_wconf 86' lang='lat'><strong>100.</strong></span> <span class='ocrx_word' id='word_1_162' title='bbox 527 2685 806 2753; x_wconf 82' lang='lat' dir='ltr'><strong>Diversae</strong></span> <span class='ocrx_word' id='word_1_163' title='bbox 844 2681 1160 2752; x_wconf 83' lang='lat' dir='ltr'><strong>factorum</strong></span> <span class='ocrx_word' id='word_1_164' title='bbox 1202 2678 1540 2755; x_wconf 80' lang='lat' dir='ltr'><strong>divisiones</strong></span> <span class='ocrx_word' id='word_1_165' title='bbox 1581 2690 1848 2768; x_wconf 83' lang='lat' dir='ltr'><strong>receptae</strong></span> <span class='ocrx_word' id='word_1_166' title='bbox 1887 2690 2057 2745; x_wconf 88' lang='lat' dir='ltr'><strong>sunt.</strong></span> 
     </span>
    </p>

    <p class='ocr_par' dir='ltr' id='par_1_9' title="bbox 330 2796 2351 2890">
     <span class='ocr_line' id='line_1_21' title="bbox 330 2796 2351 2890; baseline -0.002 -26"><span class='ocrx_word' id='word_1_167' title='bbox 330 2797 623 2890; x_wconf 80' lang='lat' dir='ltr'><strong>Quidam</strong></span> <span class='ocrx_word' id='word_1_168' title='bbox 684 2798 848 2867; x_wconf 79' lang='lat' dir='ltr'><strong>facta</strong></span> <span class='ocrx_word' id='word_1_169' title='bbox 890 2798 1282 2887; x_wconf 74' lang='lat' dir='ltr'><strong>qfflrmativa</strong></span> <span class='ocrx_word' id='word_1_170' title='bbox 1329 2798 1493 2877; x_wconf 82' lang='lat' dir='ltr'><strong>(seu</strong></span> <span class='ocrx_word' id='word_1_171' title='bbox 1544 2796 1873 2883; x_wconf 76' lang='lat' dir='ltr'><strong>positiva)</strong></span> <span class='ocrx_word' id='word_1_172' title='bbox 1925 2804 1990 2860; x_wconf 90' lang='lat' dir='ltr'><strong>et</strong></span> <span class='ocrx_word' id='word_1_173' title='bbox 2039 2798 2351 2885; x_wconf 72' lang='lat' dir='ltr'><strong>negativa</strong></span> 
     </span>
    </p>
   </div>
   <div class='ocr_carea' id='block_1_6' title="bbox 242 2990 2361 3842">
    <p class='ocr_par' dir='ltr' id='par_1_10' title="bbox 242 2990 2357 3407">
     <span class='ocr_line' id='line_1_22' title="bbox 326 2990 2352 3099; baseline -0.002 -22"><span class='ocrx_word' id='word_1_174' title='bbox 326 3015 439 3099; x_wconf 71' lang='grc' dir='ltr'><strong>(ι)</strong></span> <span class='ocrx_word' id='word_1_175' title='bbox 481 3015 810 3099; x_wconf 84' lang='lat' dir='ltr'><strong>Sequimur</strong></span> <span class='ocrx_word' id='word_1_176' title='bbox 846 3019 912 3076; x_wconf 88' lang='lat' dir='ltr'><strong>in</strong></span> <span class='ocrx_word' id='word_1_177' title='bbox 940 3014 1061 3076; x_wconf 84' lang='lat' dir='ltr'><strong>hoc</strong></span> <span class='ocrx_word' id='word_1_178' title='bbox 1095 3014 1298 3096; x_wconf 81' lang='lat' dir='ltr'><strong>capite</strong></span> <span class='ocrx_word' id='word_1_179' title='bbox 1334 3011 1711 3092; x_wconf 87' lang='lat' dir='ltr'><strong>scriptorum</strong></span> <span class='ocrx_word' id='word_1_180' title='bbox 1753 2990 2352 3093; x_wconf 33' lang='lat' dir='ltr'><strong>germanorumxme-</strong></span> 
     </span>
     <span class='ocr_line' id='line_1_23' title="bbox 242 3115 2357 3201; baseline -0.004 -16"><span class='ocrx_word' id='word_1_181' title='bbox 242 3120 514 3185; x_wconf 87' lang='lat' dir='ltr'><strong>thodum</strong></span> <span class='ocrx_word' id='word_1_182' title='bbox 526 3121 722 3187; x_wconf 79' lang='lat' dir='ltr'><strong>veluti</strong></span> <span class='ocrx_word' id='word_1_183' title='bbox 741 3122 1036 3198; x_wconf 59' lang='lat' dir='ltr'><strong>uzzant,</strong></span> <span class='ocrx_word' id='word_1_184' title='bbox 1058 3122 1317 3197; x_wconf 81' lang='lat' dir='ltr'><strong>System.</strong></span> <span class='ocrx_word' id='word_1_185' title='bbox 1342 3118 1371 3201; x_wconf 84' lang='lat'><em>§</em></span> <span class='ocrx_word' id='word_1_186' title='bbox 1392 3115 1509 3201; x_wconf 72' lang='lat'><strong>247</strong></span> <span class='ocrx_word' id='word_1_187' title='bbox 1528 3165 1544 3193; x_wconf 95' lang='lat'>,</span> <span class='ocrx_word' id='word_1_188' title='bbox 1568 3128 1795 3198; x_wconf 82' lang='lat' dir='ltr'><strong>etseq.3</strong></span> <span class='ocrx_word' id='word_1_189' title='bbox 1815 3117 2188 3200; x_wconf 70' lang='lat' dir='ltr'><strong>Schweppe,</strong></span> <span class='ocrx_word' id='word_1_190' title='bbox 2206 3119 2357 3178; x_wconf 72' lang='lat' dir='ltr'><strong>Pri-</strong></span> 
     </span>
     <span class='ocr_line' id='line_1_24' title="bbox 247 3220 2353 3315; baseline -0.002 -26"><span class='ocrx_word' id='word_1_191' title='bbox 247 3244 349 3292; x_wconf 80' lang='lat' dir='ltr'><strong>vat</strong></span> <span class='ocrx_word' id='word_1_192' title='bbox 361 3231 588 3307; x_wconf 61' lang='lat' dir='ltr'><strong>Reum,</strong></span> <span class='ocrx_word' id='word_1_193' title='bbox 634 3231 662 3314; x_wconf 58' lang='grc' dir='ltr'><em>ᾗ</em></span> <span class='ocrx_word' id='word_1_194' title='bbox 687 3228 802 3315; x_wconf 80' lang='grc'><strong>94,</strong></span> <span class='ocrx_word' id='word_1_195' title='bbox 824 3241 886 3292; x_wconf 86' lang='lat' dir='ltr'><strong>et</strong></span> <span class='ocrx_word' id='word_1_196' title='bbox 907 3250 1033 3311; x_wconf 88' lang='lat' dir='ltr'><strong>seq.</strong></span> <span class='ocrx_word' id='word_1_197' title='bbox 1054 3248 1075 3306; x_wconf 79' lang='lat'><em>3</em></span> <span class='ocrx_word' id='word_1_198' title='bbox 1095 3226 1285 3288; x_wconf 81' lang='lat' dir='ltr'><strong>Heise</strong></span> <span class='ocrx_word' id='word_1_199' title='bbox 1306 3235 1370 3286; x_wconf 88' lang='lat' dir='ltr'><strong>et</strong></span> <span class='ocrx_word' id='word_1_200' title='bbox 1394 3245 1519 3285; x_wconf 83' lang='lat' dir='ltr'><strong>von</strong></span> <span class='ocrx_word' id='word_1_201' title='bbox 1563 3222 1875 3301; x_wconf 82' lang='lat' dir='ltr'><strong>Wening‚</strong></span> <span class='ocrx_word' id='word_1_202' title='bbox 1900 3220 1928 3304; x_wconf 83' lang='lat'><em>§</em></span> <span class='ocrx_word' id='word_1_203' title='bbox 1967 3221 2080 3300; x_wconf 68' lang='lat'><strong>124</strong></span> <span class='ocrx_word' id='word_1_204' title='bbox 2097 3271 2113 3298; x_wconf 89' lang='lat'><strong>,</strong></span> <span class='ocrx_word' id='word_1_205' title='bbox 2136 3232 2196 3283; x_wconf 86' lang='lat' dir='ltr'><strong>et</strong></span> <span class='ocrx_word' id='word_1_206' title='bbox 2222 3244 2353 3306; x_wconf 80' lang='lat' dir='ltr'><strong>seq.</strong></span> 
     </span>
     <span class='ocr_line' id='line_1_25' title="bbox 246 3329 2348 3407; baseline -0.003 -8"><span class='ocrx_word' id='word_1_207' title='bbox 246 3337 440 3401; x_wconf 81' lang='lat' dir='ltr'><strong>Varia</strong></span> <span class='ocrx_word' id='word_1_208' title='bbox 450 3351 659 3402; x_wconf 86' lang='lat' dir='ltr'><strong>tamen</strong></span> <span class='ocrx_word' id='word_1_209' title='bbox 668 3337 1006 3401; x_wconf 84' lang='lat' dir='ltr'><strong>omittenda</strong></span> <span class='ocrx_word' id='word_1_210' title='bbox 1026 3333 1128 3397; x_wconf 86' lang='lat' dir='ltr'><strong>vel</strong></span> <span class='ocrx_word' id='word_1_211' title='bbox 1139 3332 1434 3397; x_wconf 79' lang='lat' dir='ltr'><strong>mutanda</strong></span> <span class='ocrx_word' id='word_1_212' title='bbox 1454 3332 1760 3407; x_wconf 85' lang='lat' dir='ltr'><strong>duximus,</strong></span> <span class='ocrx_word' id='word_1_213' title='bbox 1771 3329 2097 3392; x_wconf 81' lang='lat' dir='ltr'><strong>brevitatis</strong></span> <span class='ocrx_word' id='word_1_214' title='bbox 2117 3330 2348 3392; x_wconf 90' lang='lat' dir='ltr'><strong>studi0.</strong></span> 
     </span>
    </p>

    <p class='ocr_par' dir='ltr' id='par_1_11' title="bbox 327 3434 2309 3529">
     <span class='ocr_line' id='line_1_26' title="bbox 327 3434 2309 3529; baseline -0.005 -25"><span class='ocrx_word' id='word_1_215' title='bbox 327 3442 443 3527; x_wconf 81' lang='lat'><strong>(2)</strong></span> <span class='ocrx_word' id='word_1_216' title='bbox 491 3444 561 3504; x_wconf 91' lang='lat' dir='ltr'><strong>L.</strong></span> <span class='ocrx_word' id='word_1_217' title='bbox 590 3440 663 3505; x_wconf 88' lang='lat'><strong>61</strong></span> <span class='ocrx_word' id='word_1_218' title='bbox 692 3488 712 3518; x_wconf 95' lang='lat'><strong>,</strong></span> <span class='ocrx_word' id='word_1_219' title='bbox 743 3444 815 3502; x_wconf 89' lang='lat' dir='ltr'><strong>in</strong></span> <span class='ocrx_word' id='word_1_220' title='bbox 858 3441 906 3503; x_wconf 86' lang='lat' dir='ltr'><strong>f.</strong></span> <span class='ocrx_word' id='word_1_221' title='bbox 943 3488 961 3519; x_wconf 86' lang='lat'><strong>,</strong></span> <span class='ocrx_word' id='word_1_222' title='bbox 991 3441 1071 3501; x_wconf 89' lang='lat' dir='ltr'><strong>D.</strong></span> <span class='ocrx_word' id='word_1_223' title='bbox 1105 3436 1185 3500; x_wconf 83' lang='lat'><strong>26</strong></span> <span class='ocrx_word' id='word_1_224' title='bbox 1207 3485 1224 3513; x_wconf 94' lang='lat'>,</span> <span class='ocrx_word' id='word_1_225' title='bbox 1264 3460 1297 3521; x_wconf 83' lang='lat'><strong>7</strong></span> <span class='ocrx_word' id='word_1_226' title='bbox 1336 3437 1456 3515; x_wconf 87' lang='lat' dir='ltr'><strong>(de</strong></span> <span class='ocrx_word' id='word_1_227' title='bbox 1498 3436 1733 3529; x_wconf 68' lang='lat' dir='ltr'><strong>udmin.</strong></span> <span class='ocrx_word' id='word_1_228' title='bbox 1767 3445 1884 3496; x_wconf 87' lang='lat' dir='ltr'><strong>tut.</strong></span> <span class='ocrx_word' id='word_1_229' title='bbox 1912 3434 2015 3496; x_wconf 84' lang='lat' dir='ltr'><strong>vel</strong></span> <span class='ocrx_word' id='word_1_230' title='bbox 2044 3445 2236 3495; x_wconf 82' lang='lat' dir='ltr'><strong>curat.</strong></span> <span class='ocrx_word' id='word_1_231' title='bbox 2260 3439 2309 3510; x_wconf 88' lang='lat'><strong>).</strong></span> 
     </span>
    </p>

    <p class='ocr_par' dir='ltr' id='par_1_12' title="bbox 242 3542 2361 3842">
     <span class='ocr_line' id='line_1_27' title="bbox 327 3542 2361 3632; baseline -0.005 -20"><span class='ocrx_word' id='word_1_232' title='bbox 327 3549 440 3632; x_wconf 83' lang='lat'><strong>(3)</strong></span> <span class='ocrx_word' id='word_1_233' title='bbox 486 3549 645 3612; x_wconf 86' lang='lat' dir='ltr'><strong>Inde</strong></span> <span class='ocrx_word' id='word_1_234' title='bbox 702 3547 860 3609; x_wconf 84' lang='lat' dir='ltr'><strong>illud</strong></span> <span class='ocrx_word' id='word_1_235' title='bbox 894 3568 914 3608; x_wconf 72' lang='grc' dir='ltr'><em>ε</em></span> <span class='ocrx_word' id='word_1_236' title='bbox 970 3570 1001 3603; x_wconf 80' lang='grc' dir='ltr'><strong>ιι</strong></span> <span class='ocrx_word' id='word_1_237' title='bbox 1044 3544 1503 3628; x_wconf 80' lang='lat' dir='ltr'><strong>Cogitationum</strong></span> <span class='ocrx_word' id='word_1_238' title='bbox 1562 3563 1807 3625; x_wconf 81' lang='lat' dir='ltr'><strong>poenam</strong></span> <span class='ocrx_word' id='word_1_239' title='bbox 1867 3542 2177 3603; x_wconf 88' lang='lat' dir='ltr'><strong>neminem</strong></span> <span class='ocrx_word' id='word_1_240' title='bbox 2226 3542 2361 3623; x_wconf 79' lang='lat' dir='ltr'><strong>pati</strong></span> 
     </span>
     <span class='ocr_line' id='line_1_28' title="bbox 245 3646 2354 3740; baseline -0.003 -22"><span class='ocrx_word' id='word_1_241' title='bbox 245 3676 431 3740; x_wconf 85' lang='lat' dir='ltr'><strong>posse</strong></span> <span class='ocrx_word' id='word_1_242' title='bbox 457 3680 521 3715; x_wconf 67' lang='lat' dir='ltr'><strong>n.</strong></span> <span class='ocrx_word' id='word_1_243' title='bbox 553 3654 626 3716; x_wconf 93' lang='lat' dir='ltr'><strong>L.</strong></span> <span class='ocrx_word' id='word_1_244' title='bbox 669 3652 785 3731; x_wconf 87' lang='lat'><strong>18,</strong></span> <span class='ocrx_word' id='word_1_245' title='bbox 814 3654 895 3714; x_wconf 90' lang='lat' dir='ltr'><strong>D.</strong></span> <span class='ocrx_word' id='word_1_246' title='bbox 928 3650 1050 3731; x_wconf 70' lang='lat'><strong>48,</strong></span> <span class='ocrx_word' id='word_1_247' title='bbox 1099 3672 1174 3735; x_wconf 78' lang='lat'><strong>19</strong></span> <span class='ocrx_word' id='word_1_248' title='bbox 1215 3651 1335 3729; x_wconf 84' lang='lat' dir='ltr'><strong>(de</strong></span> <span class='ocrx_word' id='word_1_249' title='bbox 1366 3649 1649 3736; x_wconf 79' lang='lat' dir='ltr'><strong>poenis);</strong></span> <span class='ocrx_word' id='word_1_250' title='bbox 1681 3646 1726 3710; x_wconf 93' lang='lat' dir='ltr'><strong>l.</strong></span> <span class='ocrx_word' id='word_1_251' title='bbox 1756 3647 1834 3709; x_wconf 85' lang='lat'><strong>53</strong></span> <span class='ocrx_word' id='word_1_252' title='bbox 1860 3693 1876 3725; x_wconf 91' lang='lat'>,</span> <span class='ocrx_word' id='word_1_253' title='bbox 1922 3646 2146 3730; x_wconf 63' lang='lat'><strong>5231.</strong></span> <span class='ocrx_word' id='word_1_254' title='bbox 2190 3646 2354 3727; x_wconf 82' lang='lat'>218,</span> 
     </span>
     <span class='ocr_line' id='line_1_29' title="bbox 242 3756 1290 3842; baseline -0.004 -19"><span class='ocrx_word' id='word_1_255' title='bbox 242 3763 325 3823; x_wconf 90' lang='lat' dir='ltr'><strong>D.</strong></span> <span class='ocrx_word' id='word_1_256' title='bbox 358 3761 485 3836; x_wconf 85' lang='lat'><strong>50,</strong></span> <span class='ocrx_word' id='word_1_257' title='bbox 534 3759 642 3838; x_wconf 85' lang='lat'><strong>16,</strong></span> <span class='ocrx_word' id='word_1_258' title='bbox 687 3762 805 3840; x_wconf 84' lang='lat' dir='ltr'><strong>(de</strong></span> <span class='ocrx_word' id='word_1_259' title='bbox 836 3759 1013 3824; x_wconf 81' lang='lat' dir='ltr'><strong>verb.</strong></span> <span class='ocrx_word' id='word_1_260' title='bbox 1068 3756 1290 3842; x_wconf 80' lang='lat' dir='ltr'><strong>sign.)</strong></span> 
     </span>
    </p>
   </div>
   <div class='ocr_carea' id='block_1_7' title="bbox 333 3857 2461 3953">
    <p class='ocr_par' dir='ltr' id='par_1_13' title="bbox 333 3857 2461 3953">
     <span class='ocr_line' id='line_1_30' title="bbox 333 3857 2461 3953; baseline -0.016 2"><span class='ocrx_word' id='word_1_261' title='bbox 333 3868 448 3953; x_wconf 71' lang='grc'><strong>(4)</strong></span> <span class='ocrx_word' id='word_1_262' title='bbox 490 3867 604 3928; x_wconf 70' lang='lat'><strong>13¹·</strong></span> <span class='ocrx_word' id='word_1_263' title='bbox 648 3888 709 3951; x_wconf 73' lang='lat'><strong>8·</strong></span> <span class='ocrx_word' id='word_1_264' title='bbox 759 3870 828 3944; x_wconf 65' lang='lat'><strong>5¹¹.</strong></span> <span class='ocrx_word' id='word_1_265' title='bbox 868 3866 899 3949; x_wconf 78' lang='lat'><em>§</em></span> <span class='ocrx_word' id='word_1_266' title='bbox 944 3864 1006 3928; x_wconf 77' lang='lat'><strong>3·</strong></span> <span class='ocrx_word' id='word_1_267' title='bbox 1047 3867 1101 3928; x_wconf 86' lang='grc' dir='ltr'><strong>Ῑ·</strong></span> <span class='ocrx_word' id='word_1_268' title='bbox 1149 3863 1226 3943; x_wconf 72' lang='lat'><strong>4,</strong></span> <span class='ocrx_word' id='word_1_269' title='bbox 1267 3885 1291 3923; x_wconf 84' lang='lat'>¹</span> <span class='ocrx_word' id='word_1_270' title='bbox 1318 3911 1335 3939; x_wconf 76' lang='lat'>‚</span> <span class='ocrx_word' id='word_1_271' title='bbox 1377 3859 1726 3943; x_wconf 69' lang='lat' dir='ltr'><strong>(deoblig-</strong></span> <span class='ocrx_word' id='word_1_272' title='bbox 1768 3880 1904 3942; x_wconf 79' lang='lat' dir='ltr'><strong>quae</strong></span> <span class='ocrx_word' id='word_1_273' title='bbox 1940 3880 2013 3922; x_wconf 78' lang='lat' dir='ltr'><strong>ex</strong></span> <span class='ocrx_word' id='word_1_274' title='bbox 2052 3857 2266 3926; x_wconf 85' lang='lat' dir='ltr'><strong>delict.</strong></span> <span class='ocrx_word' id='word_1_275' title='bbox 2290 3861 2357 3946; x_wconf 65' lang='lat'><strong>&gt;5</strong></span> <span class='ocrx_word' id='word_1_276' title='bbox 2456 3858 2461 3862; x_wconf 72' lang='grc'><strong><em>’</em></strong></span> 
     </span>
    </p>
   </div>
   <div class='ocr_carea' id='block_1_8' title="bbox 243 3966 1825 4169">
    <p class='ocr_par' dir='ltr' id='par_1_14' title="bbox 243 3966 1825 4169">
     <span class='ocr_line' id='line_1_31' title="bbox 243 3966 1825 4058; baseline -0.006 -18"><span class='ocrx_word' id='word_1_277' title='bbox 243 3977 324 4040; x_wconf 81' lang='lat'><strong>1..</strong></span> <span class='ocrx_word' id='word_1_278' title='bbox 364 3997 445 4053; x_wconf 80' lang='lat'><strong>2,</strong></span> <span class='ocrx_word' id='word_1_279' title='bbox 489 3973 520 4058; x_wconf 58' lang='grc' dir='ltr'><strong><em>ἦ</em></strong></span> <span class='ocrx_word' id='word_1_280' title='bbox 556 3975 595 4035; x_wconf 83' lang='grc'><strong>3</strong></span> <span class='ocrx_word' id='word_1_281' title='bbox 625 4022 645 4052; x_wconf 95' lang='lat'>,</span> <span class='ocrx_word' id='word_1_282' title='bbox 676 3974 754 4036; x_wconf 92' lang='lat' dir='ltr'><strong>D.</strong></span> <span class='ocrx_word' id='word_1_283' title='bbox 796 3971 908 4053; x_wconf 70' lang='lat'><strong>14,</strong></span> <span class='ocrx_word' id='word_1_284' title='bbox 947 3972 1029 4051; x_wconf 88' lang='lat'><strong>6,</strong></span> <span class='ocrx_word' id='word_1_285' title='bbox 1084 3970 1203 4052; x_wconf 86' lang='lat' dir='ltr'><strong>(ad</strong></span> <span class='ocrx_word' id='word_1_286' title='bbox 1244 3970 1479 4032; x_wconf 86' lang='lat' dir='ltr'><strong>SCtum</strong></span> <span class='ocrx_word' id='word_1_287' title='bbox 1519 3966 1825 4052; x_wconf 35' lang='lat' dir='ltr'><strong>Maced&amp;</strong></span> 
     </span>
     <span class='ocr_line' id='line_1_32' title="bbox 332 4078 1668 4169; baseline -0.007 -20"><span class='ocrx_word' id='word_1_288' title='bbox 332 4085 449 4169; x_wconf 85' lang='lat'><strong>(5)</strong></span> <span class='ocrx_word' id='word_1_289' title='bbox 495 4085 568 4148; x_wconf 80' lang='lat'><strong>1..</strong></span> <span class='ocrx_word' id='word_1_290' title='bbox 620 4083 772 4164; x_wconf 80' lang='lat'>185,</span> <span class='ocrx_word' id='word_1_291' title='bbox 816 4085 895 4149; x_wconf 90' lang='lat' dir='ltr'><strong>D.</strong></span> <span class='ocrx_word' id='word_1_292' title='bbox 945 4080 1066 4165; x_wconf 85' lang='lat'><strong>50,</strong></span> <span class='ocrx_word' id='word_1_293' title='bbox 1116 4103 1223 4169; x_wconf 78' lang='lat'><strong>17,</strong></span> <span class='ocrx_word' id='word_1_294' title='bbox 1262 4081 1385 4167; x_wconf 82' lang='lat' dir='ltr'><strong>(de</strong></span> <span class='ocrx_word' id='word_1_295' title='bbox 1423 4079 1502 4143; x_wconf 82' lang='lat' dir='ltr'><strong>R.</strong></span> <span class='ocrx_word' id='word_1_296' title='bbox 1542 4078 1668 4161; x_wconf 67' lang='lat' dir='ltr'><strong>L).</strong></span> 
     </span>
    </p>
   </div>
  </div>
 </body>
</html>
