<?xml version="1.0" encoding="UTF-8"?>
<!DOCTYPE html PUBLIC "-//W3C//DTD XHTML 1.0 Transitional//EN"
    "http://www.w3.org/TR/xhtml1/DTD/xhtml1-transitional.dtd">
<html xmlns="http://www.w3.org/1999/xhtml" xml:lang="en" lang="en">
 <head>
  <title>
</title>
<meta http-equiv="Content-Type" content="text/html;charset=utf-8" />
  <meta name='ocr-system' content='tesseract 3.04.00' />
  <meta name='ocr-capabilities' content='ocr_page ocr_carea ocr_par ocr_line ocrx_word'/>
</head>
<body>
  <div class='ocr_page' id='page_1' title='image "./commentariijuri00warngoog/commentariijuri00warngoog_0140.png"; bbox 0 0 2893 4778; ppageno 0'>
   <div class='ocr_carea' id='block_1_1' title="bbox 468 299 2251 366">
    <p class='ocr_par' dir='ltr' id='par_1_1' title="bbox 468 299 2251 366">
     <span class='ocr_line' id='line_1_1' title="bbox 468 299 2251 366; baseline -0.003 -10"><span class='ocrx_word' id='word_1_1' title='bbox 468 300 613 366; x_wconf 71' lang='lat'><strong>120</strong></span> <span class='ocrx_word' id='word_1_2' title='bbox 788 299 1299 350; x_wconf 71' lang='lat' dir='ltr'><strong>COMMENTARH</strong></span> <span class='ocrx_word' id='word_1_3' title='bbox 1347 300 1549 349; x_wconf 73' lang='lat' dir='ltr'><strong>smus</strong></span> <span class='ocrx_word' id='word_1_4' title='bbox 1601 300 1884 350; x_wconf 72' lang='lat' dir='ltr'>ROMANI</span> <span class='ocrx_word' id='word_1_5' title='bbox 1934 301 2251 351; x_wconf 75' lang='lat' dir='ltr'><strong>PRIVATI-</strong></span> 
     </span>
    </p>
   </div>
   <div class='ocr_carea' id='block_1_2' title="bbox 399 408 2639 3376">
    <p class='ocr_par' dir='ltr' id='par_1_2' title="bbox 399 408 2639 3376">
     <span class='ocr_line' id='line_1_2' title="bbox 426 408 2637 517; baseline -0.002 -25"><span class='ocrx_word' id='word_1_6' title='bbox 426 408 429 412; x_wconf 81' lang='lat'><strong>.</strong></span> <span class='ocrx_word' id='word_1_7' title='bbox 502 505 508 510; x_wconf 20' lang='lat'><strong>⁹</strong></span> <span class='ocrx_word' id='word_1_8' title='bbox 551 422 802 496; x_wconf 79' lang='lat' dir='ltr'><strong>Saeculo</strong></span> <span class='ocrx_word' id='word_1_9' title='bbox 831 436 1048 515; x_wconf 87' lang='lat' dir='ltr'><strong>postea</strong></span> <span class='ocrx_word' id='word_1_10' title='bbox 1088 422 1334 490; x_wconf 88' lang='lat' dir='ltr'><strong>decimo</strong></span> <span class='ocrx_word' id='word_1_11' title='bbox 1373 435 1586 501; x_wconf 84' lang='lat' dir='ltr'><strong>sexto,</strong></span> <span class='ocrx_word' id='word_1_12' title='bbox 1620 446 1757 489; x_wconf 89' lang='lat' dir='ltr'><strong>non</strong></span> <span class='ocrx_word' id='word_1_13' title='bbox 1791 424 2002 490; x_wconf 82' lang='lat' dir='ltr'><strong>omnia</strong></span> <span class='ocrx_word' id='word_1_14' title='bbox 2042 425 2450 517; x_wconf 86' lang='lat' dir='ltr'><strong>singulorum</strong></span> <span class='ocrx_word' id='word_1_15' title='bbox 2490 427 2588 493; x_wconf 79' lang='lat' dir='ltr'><strong>li-</strong></span> <span class='ocrx_word' id='word_1_16' title='bbox 2626 478 2637 487; x_wconf 89' lang='lat'><strong>.</strong></span> 
     </span>
     <span class='ocr_line' id='line_1_3' title="bbox 473 534 2597 632; baseline 0.001 -27"><span class='ocrx_word' id='word_1_17' title='bbox 473 539 752 606; x_wconf 84' lang='lat' dir='ltr'><strong>brorum·</strong></span> <span class='ocrx_word' id='word_1_18' title='bbox 767 563 841 605; x_wconf 89' lang='lat' dir='ltr'><strong>ac</strong></span> <span class='ocrx_word' id='word_1_19' title='bbox 875 535 1213 608; x_wconf 87' lang='lat' dir='ltr'><strong>titulorum</strong></span> <span class='ocrx_word' id='word_1_20' title='bbox 1242 534 1379 603; x_wconf 87' lang='lat' dir='ltr'><strong>loca</strong></span> <span class='ocrx_word' id='word_1_21' title='bbox 1406 535 1933 628; x_wconf 77' lang='lat' dir='ltr'><strong>explicabantur3</strong></span> <span class='ocrx_word' id='word_1_22' title='bbox 1968 538 2408 606; x_wconf 87' lang='lat' dir='ltr'><strong>Institutiones</strong></span> <span class='ocrx_word' id='word_1_23' title='bbox 2434 542 2597 632; x_wconf 81' lang='lat' dir='ltr'><strong>qui-</strong></span> 
     </span>
     <span class='ocr_line' id='line_1_4' title="bbox 467 648 2600 746; baseline 0.001 -26"><span class='ocrx_word' id='word_1_24' title='bbox 467 652 619 720; x_wconf 90' lang='lat' dir='ltr'><strong>dem</strong></span> <span class='ocrx_word' id='word_1_25' title='bbox 663 675 908 745; x_wconf 85' lang='lat' dir='ltr'><strong>semper</strong></span> <span class='ocrx_word' id='word_1_26' title='bbox 927 704 943 733; x_wconf 89' lang='lat'>,</span> <span class='ocrx_word' id='word_1_27' title='bbox 969 675 1100 726; x_wconf 79' lang='lat' dir='ltr'><strong>nec</strong></span> <span class='ocrx_word' id='word_1_28' title='bbox 1144 674 1278 720; x_wconf 89' lang='lat' dir='ltr'><strong>non</strong></span> <span class='ocrx_word' id='word_1_29' title='bbox 1315 648 1610 718; x_wconf 83' lang='lat' dir='ltr'><strong>nonnulli</strong></span> <span class='ocrx_word' id='word_1_30' title='bbox 1648 648 1797 718; x_wconf 84' lang='lat' dir='ltr'>libri</span> <span class='ocrx_word' id='word_1_31' title='bbox 1832 648 1933 719; x_wconf 80' lang='lat' dir='ltr'><strong>vel</strong></span> <span class='ocrx_word' id='word_1_32' title='bbox 1955 650 2129 719; x_wconf 86' lang='lat' dir='ltr'><strong>tituli</strong></span> <span class='ocrx_word' id='word_1_33' title='bbox 2166 653 2600 746; x_wconf 76' lang='lat' dir='ltr'><strong>Digestorum</strong></span> 
     </span>
     <span class='ocr_line' id='line_1_5' title="bbox 462 748 2596 858; baseline 0 -24"><span class='ocrx_word' id='word_1_34' title='bbox 462 765 569 851; x_wconf 83' lang='lat' dir='ltr'><strong>vel</strong></span> <span class='ocrx_word' id='word_1_35' title='bbox 594 766 850 835; x_wconf 89' lang='lat' dir='ltr'><strong>Codicis</strong></span> <span class='ocrx_word' id='word_1_36' title='bbox 884 765 1292 847; x_wconf 76' lang='lat' dir='ltr'>notabiliores</span> <span class='ocrx_word' id='word_1_37' title='bbox 1312 817 1329 846; x_wconf 86' lang='lat'>‚</span> <span class='ocrx_word' id='word_1_38' title='bbox 1367 766 1456 838; x_wconf 85' lang='lat' dir='ltr'><strong>ita</strong></span> <span class='ocrx_word' id='word_1_39' title='bbox 1495 748 2023 858; x_wconf 76' lang='lat' dir='ltr'><strong>interpretatione</strong></span> <span class='ocrx_word' id='word_1_40' title='bbox 2050 765 2535 836; x_wconf 75' lang='lat' dir='ltr'><strong>illustrabantur</strong></span> <span class='ocrx_word' id='word_1_41' title='bbox 2571 797 2596 854; x_wconf 80' lang='lat'>3</span> 
     </span>
     <span class='ocr_line' id='line_1_6' title="bbox 469 877 2598 975; baseline 0.001 -28"><span class='ocrx_word' id='word_1_42' title='bbox 469 878 582 947; x_wconf 84' lang='lat' dir='ltr'><strong>sed</strong></span> <span class='ocrx_word' id='word_1_43' title='bbox 614 877 780 945; x_wconf 86' lang='lat' dir='ltr'><strong>illud</strong></span> <span class='ocrx_word' id='word_1_44' title='bbox 813 903 934 945; x_wconf 87' lang='lat' dir='ltr'><strong>usu</strong></span> <span class='ocrx_word' id='word_1_45' title='bbox 978 882 1154 948; x_wconf 83' lang='lat' dir='ltr'><strong>venit</strong></span> <span class='ocrx_word' id='word_1_46' title='bbox 1171 929 1188 962; x_wconf 84' lang='lat'>‚</span> <span class='ocrx_word' id='word_1_47' title='bbox 1229 892 1303 948; x_wconf 86' lang='lat' dir='ltr'><strong>ut</strong></span> <span class='ocrx_word' id='word_1_48' title='bbox 1340 878 1745 972; x_wconf 83' lang='lat' dir='ltr'><strong>singulorum</strong></span> <span class='ocrx_word' id='word_1_49' title='bbox 1769 878 2365 967; x_wconf 70' lang='lat' dir='ltr'><strong>jurisconsultorum</strong></span> <span class='ocrx_word' id='word_1_50' title='bbox 2404 882 2546 975; x_wconf 70' lang='lat' dir='ltr'><strong>fra²³</strong></span> <span class='ocrx_word' id='word_1_51' title='bbox 2566 924 2598 938; x_wconf 87' lang='lat'><strong>-·</strong></span> 
     </span>
     <span class='ocr_line' id='line_1_7' title="bbox 466 990 2596 1090; baseline 0.003 -34"><span class='ocrx_word' id='word_1_52' title='bbox 466 1001 685 1081; x_wconf 78' lang='lat' dir='ltr'><strong>menta</strong></span> <span class='ocrx_word' id='word_1_53' title='bbox 729 1014 823 1090; x_wconf 45' lang='lat' dir='ltr'><strong>¹ex</strong></span> <span class='ocrx_word' id='word_1_54' title='bbox 885 992 1193 1061; x_wconf 84' lang='lat' dir='ltr'><strong>universis</strong></span> <span class='ocrx_word' id='word_1_55' title='bbox 1228 990 1574 1066; x_wconf 63' lang='lat' dir='ltr'><strong>Pandectis,</strong></span> <span class='ocrx_word' id='word_1_56' title='bbox 1620 993 1695 1058; x_wconf 91' lang='lat' dir='ltr'><strong>in</strong></span> <span class='ocrx_word' id='word_1_57' title='bbox 1740 1017 1946 1060; x_wconf 87' lang='lat' dir='ltr'><strong>unum</strong></span> <span class='ocrx_word' id='word_1_58' title='bbox 1993 992 2260 1064; x_wconf 84' lang='lat' dir='ltr'><strong>collecta</strong></span> <span class='ocrx_word' id='word_1_59' title='bbox 2292 1020 2596 1090; x_wconf 70' lang='lat' dir='ltr'><strong>expone·-</strong></span> 
     </span>
     <span class='ocr_line' id='line_1_8' title="bbox 399 1104 2592 1200; baseline 0.001 -27"><span class='ocrx_word' id='word_1_60' title='bbox 399 1175 405 1182; x_wconf 71' lang='grc'><em>,</em></span> <span class='ocrx_word' id='word_1_61' title='bbox 467 1117 731 1186; x_wconf 82' lang='lat' dir='ltr'><strong>rentur3</strong></span> <span class='ocrx_word' id='word_1_62' title='bbox 767 1128 915 1196; x_wconf 83' lang='lat' dir='ltr'><strong>quae</strong></span> <span class='ocrx_word' id='word_1_63' title='bbox 958 1104 1307 1200; x_wconf 16' lang='lat' dir='ltr'><strong>methodus,</strong></span> <span class='ocrx_word' id='word_1_64' title='bbox 1325 1107 1643 1198; x_wconf 83' lang='lat' dir='ltr'><strong>praecipue</strong></span> <span class='ocrx_word' id='word_1_65' title='bbox 1679 1132 1718 1171; x_wconf 90' lang='lat' dir='ltr'><strong>a</strong></span> <span class='ocrx_word' id='word_1_66' title='bbox 1756 1106 2021 1196; x_wconf 82' lang='lat' dir='ltr'><strong>Cujacio</strong></span> <span class='ocrx_word' id='word_1_67' title='bbox 2061 1121 2201 1177; x_wconf 87' lang='lat' dir='ltr'><strong>erat</strong></span> <span class='ocrx_word' id='word_1_68' title='bbox 2229 1110 2592 1200; x_wconf 65' lang='lat' dir='ltr'><strong>observata.</strong></span> 
     </span>
     <span class='ocr_line' id='line_1_9' title="bbox 564 1206 2601 1315; baseline 0.004 -32"><span class='ocrx_word' id='word_1_69' title='bbox 564 1217 814 1284; x_wconf 90' lang='lat' dir='ltr'><strong>Eodem</strong></span> <span class='ocrx_word' id='word_1_70' title='bbox 849 1244 1110 1315; x_wconf 86' lang='lat' dir='ltr'><strong>quoque</strong></span> <span class='ocrx_word' id='word_1_71' title='bbox 1160 1224 1291 1307; x_wconf 87' lang='lat' dir='ltr'><strong>jam</strong></span> <span class='ocrx_word' id='word_1_72' title='bbox 1340 1219 1568 1288; x_wconf 81' lang='lat' dir='ltr'><strong>saeculo</strong></span> <span class='ocrx_word' id='word_1_73' title='bbox 1618 1222 1774 1309; x_wconf 86' lang='lat' dir='ltr'><strong>juris</strong></span> <span class='ocrx_word' id='word_1_74' title='bbox 1816 1225 2065 1288; x_wconf 86' lang='lat' dir='ltr'><strong>romani</strong></span> <span class='ocrx_word' id='word_1_75' title='bbox 2110 1206 2436 1291; x_wconf 84' lang='lat' dir='ltr'><strong>didacticae</strong></span> <span class='ocrx_word' id='word_1_76' title='bbox 2477 1233 2601 1291; x_wconf 79' lang='lat' dir='ltr'><strong>&#39;ex-</strong></span> 
     </span>
     <span class='ocr_line' id='line_1_10' title="bbox 473 1331 2460 1427; baseline 0.003 -28"><span class='ocrx_word' id='word_1_77' title='bbox 473 1333 819 1425; x_wconf 82' lang='lat' dir='ltr'><strong>positiones</strong></span> <span class='ocrx_word' id='word_1_78' title='bbox 859 1331 1137 1415; x_wconf 89' lang='lat' dir='ltr'><strong>fiebant,</strong></span> <span class='ocrx_word' id='word_1_79' title='bbox 1182 1331 1383 1401; x_wconf 81' lang='lat' dir='ltr'><strong>veluti</strong></span> <span class='ocrx_word' id='word_1_80' title='bbox 1428 1347 1828 1427; x_wconf 83' lang='lat' dir='ltr'><strong>syntagmata</strong></span> <span class='ocrx_word' id='word_1_81' title='bbox 1865 1334 2460 1404; x_wconf 67' lang='lat' dir='ltr'><strong>vel‘commentarii.</strong></span> 
     </span>
     <span class='ocr_line' id='line_1_11' title="bbox 566 1442 2601 1537; baseline -0.003 -21"><span class='ocrx_word' id='word_1_82' title='bbox 566 1442 815 1520; x_wconf 79' lang='lat' dir='ltr'><strong>Saeculo</strong></span> <span class='ocrx_word' id='word_1_83' title='bbox 852 1444 1079 1512; x_wconf 93' lang='lat' dir='ltr'><strong>XVIII</strong></span> <span class='ocrx_word' id='word_1_84' title='bbox 1110 1444 1588 1537; x_wconf 87' lang='lat' dir='ltr'><strong>compendiaria</strong></span> <span class='ocrx_word' id='word_1_85' title='bbox 1608 1443 1889 1512; x_wconf 46' lang='lat' dir='ltr'><strong>&#39;docendi</strong></span> <span class='ocrx_word' id='word_1_86' title='bbox 1934 1450 2098 1511; x_wconf 88' lang='lat' dir='ltr'><strong>ratio</strong></span> <span class='ocrx_word' id='word_1_87' title='bbox 2130 1445 2414 1511; x_wconf 86' lang='lat' dir='ltr'><strong>obtinuit</strong></span> <span class='ocrx_word' id='word_1_88' title='bbox 2447 1466 2601 1535; x_wconf 82' lang='lat' dir='ltr'><strong>quae</strong></span> 
     </span>
     <span class='ocr_line' id='line_1_12' title="bbox 479 1556 2612 1652; baseline 0 -27"><span class='ocrx_word' id='word_1_89' title='bbox 479 1556 564 1625; x_wconf 81' lang='lat' dir='ltr'><strong>ad</strong></span> <span class='ocrx_word' id='word_1_90' title='bbox 602 1568 820 1624; x_wconf 86' lang='lat' dir='ltr'><strong>nostra</strong></span> <span class='ocrx_word' id='word_1_91' title='bbox 858 1582 1055 1651; x_wconf 84' lang='lat' dir='ltr'><strong>usque</strong></span> <span class='ocrx_word' id='word_1_92' title='bbox 1109 1572 1398 1652; x_wconf 85' lang='lat' dir='ltr'><strong>tempora</strong></span> <span class='ocrx_word' id='word_1_93' title='bbox 1446 1562 1519 1627; x_wconf 89' lang='lat' dir='ltr'><strong>in</strong></span> <span class='ocrx_word' id='word_1_94' title='bbox 1565 1585 1684 1627; x_wconf 89' lang='lat' dir='ltr'><strong>usu</strong></span> <span class='ocrx_word' id='word_1_95' title='bbox 1738 1573 1847 1627; x_wconf 90' lang='lat' dir='ltr'><strong>est.</strong></span> <span class='ocrx_word' id='word_1_96' title='bbox 1901 1559 2140 1625; x_wconf 81' lang='lat' dir='ltr'><strong>Omnia</strong></span> <span class='ocrx_word' id='word_1_97' title='bbox 2186 1561 2341 1646; x_wconf 88' lang='lat' dir='ltr'><strong>juris</strong></span> <span class='ocrx_word' id='word_1_98' title='bbox 2397 1559 2612 1626; x_wconf 88' lang='lat' dir='ltr'><strong>civilis</strong></span> 
     </span>
     <span class='ocr_line' id='line_1_13' title="bbox 479 1673 2613 1767; baseline 0.001 -29"><span class='ocrx_word' id='word_1_99' title='bbox 479 1685 798 1767; x_wconf 81' lang='lat' dir='ltr'><strong>praecepta</strong></span> <span class='ocrx_word' id='word_1_100' title='bbox 824 1685 1037 1764; x_wconf 87' lang='lat' dir='ltr'><strong>autem</strong></span> <span class='ocrx_word' id='word_1_101' title='bbox 1055 1676 1337 1766; x_wconf 86' lang='lat' dir='ltr'><strong>primum</strong></span> <span class='ocrx_word' id='word_1_102' title='bbox 1362 1676 1484 1741; x_wconf 92' lang='lat' dir='ltr'><strong>sub</strong></span> <span class='ocrx_word' id='word_1_103' title='bbox 1511 1673 1713 1742; x_wconf 84' lang='lat' dir='ltr'><strong>titulis</strong></span> <span class='ocrx_word' id='word_1_104' title='bbox 1744 1675 2226 1742; x_wconf 88' lang='lat' dir='ltr'><strong>Institutionum</strong></span> <span class='ocrx_word' id='word_1_105' title='bbox 2256 1725 2273 1754; x_wconf 87' lang='lat'>‚</span> <span class='ocrx_word' id='word_1_106' title='bbox 2301 1673 2388 1739; x_wconf 88' lang='lat' dir='ltr'><strong>Di</strong></span> <span class='ocrx_word' id='word_1_107' title='bbox 2394 1686 2613 1764; x_wconf 86' lang='lat' dir='ltr'><strong>gesto-</strong></span> 
     </span>
     <span class='ocr_line' id='line_1_14' title="bbox 487 1771 2610 1878; baseline -0 -24"><span class='ocrx_word' id='word_1_108' title='bbox 487 1787 669 1867; x_wconf 83' lang='lat' dir='ltr'><strong>rum,</strong></span> <span class='ocrx_word' id='word_1_109' title='bbox 710 1784 1052 1878; x_wconf 89' lang='lat' dir='ltr'><strong>aliquando</strong></span> <span class='ocrx_word' id='word_1_110' title='bbox 1083 1791 1277 1855; x_wconf 89' lang='lat' dir='ltr'><strong>etiam</strong></span> <span class='ocrx_word' id='word_1_111' title='bbox 1300 1771 1560 1856; x_wconf 88' lang='lat' dir='ltr'><strong>Codicis</strong></span> <span class='ocrx_word' id='word_1_112' title='bbox 1605 1787 1867 1855; x_wconf 87' lang='lat' dir='ltr'><strong>collecta</strong></span> <span class='ocrx_word' id='word_1_113' title='bbox 1899 1787 2316 1855; x_wconf 82' lang='lat' dir='ltr'><strong>tradebantur</strong></span> <span class='ocrx_word' id='word_1_114' title='bbox 2347 1787 2610 1855; x_wconf 88' lang='lat' dir='ltr'><strong>brevius</strong></span> 
     </span>
     <span class='ocr_line' id='line_1_15' title="bbox 485 1900 2611 1998; baseline 0 -31"><span class='ocrx_word' id='word_1_115' title='bbox 485 1905 898 1968; x_wconf 85' lang='lat' dir='ltr'><strong>extensiusve.</strong></span> <span class='ocrx_word' id='word_1_116' title='bbox 927 1903 1271 1971; x_wconf 89' lang='lat' dir='ltr'><strong>Methodus</strong></span> <span class='ocrx_word' id='word_1_117' title='bbox 1298 1904 1551 1998; x_wconf 90' lang='lat' dir='ltr'><strong>singula</strong></span> <span class='ocrx_word' id='word_1_118' title='bbox 1581 1902 1947 1996; x_wconf 84' lang='lat' dir='ltr'><strong>exponendi</strong></span> <span class='ocrx_word' id='word_1_119' title='bbox 1975 1927 2127 1973; x_wconf 77' lang='lat' dir='ltr'><strong>vero</strong></span> <span class='ocrx_word' id='word_1_120' title='bbox 2147 1928 2184 1968; x_wconf 92' lang='lat' dir='ltr'><strong>a</strong></span> <span class='ocrx_word' id='word_1_121' title='bbox 2207 1900 2611 1994; x_wconf 86' lang='lat' dir='ltr'><strong>philosophis</strong></span> 
     </span>
     <span class='ocr_line' id='line_1_16' title="bbox 486 2013 2612 2115; baseline -0.001 -30"><span class='ocrx_word' id='word_1_122' title='bbox 486 2013 594 2085; x_wconf 72' lang='lat' dir='ltr'><strong>vel</strong></span> <span class='ocrx_word' id='word_1_123' title='bbox 635 2015 1103 2086; x_wconf 85' lang='lat' dir='ltr'><strong>mathematicis</strong></span> <span class='ocrx_word' id='word_1_124' title='bbox 1159 2015 1558 2088; x_wconf 85' lang='lat' dir='ltr'><strong>diversorum</strong></span> <span class='ocrx_word' id='word_1_125' title='bbox 1618 2032 1982 2115; x_wconf 85' lang='lat' dir='ltr'><strong>temporum</strong></span> <span class='ocrx_word' id='word_1_126' title='bbox 2017 2029 2274 2110; x_wconf 84' lang='lat' dir='ltr'><strong>recepta</strong></span> <span class='ocrx_word' id='word_1_127' title='bbox 2325 2043 2362 2082; x_wconf 91' lang='lat' dir='ltr'><strong>a</strong></span> <span class='ocrx_word' id='word_1_128' title='bbox 2411 2019 2612 2106; x_wconf 81' lang='lat' dir='ltr'><strong>juris-</strong></span> 
     </span>
     <span class='ocr_line' id='line_1_17' title="bbox 491 2134 1547 2227; baseline 0.004 -25"><span class='ocrx_word' id='word_1_129' title='bbox 491 2134 790 2203; x_wconf 84' lang='lat' dir='ltr'><strong>consultis</strong></span> <span class='ocrx_word' id='word_1_130' title='bbox 836 2136 1288 2207; x_wconf 86' lang='lat' dir='ltr'><strong>observabatur</strong></span> <span class='ocrx_word' id='word_1_131' title='bbox 1332 2144 1399 2227; x_wconf 89' lang='lat'><strong>(1</strong></span> <span class='ocrx_word' id='word_1_132' title='bbox 1425 2143 1472 2227; x_wconf 87' lang='lat'><strong>).</strong></span> <span class='ocrx_word' id='word_1_133' title='bbox 1539 2173 1547 2194; x_wconf 69' lang='grc' dir='ltr'><em>ι</em></span> 
     </span>
     <span class='ocr_line' id='line_1_18' title="bbox 596 2250 2620 2344; baseline 0.002 -29"><span class='ocrx_word' id='word_1_134' title='bbox 596 2250 896 2318; x_wconf 88' lang='lat' dir='ltr'><strong>Liberior</strong></span> <span class='ocrx_word' id='word_1_135' title='bbox 946 2267 1159 2321; x_wconf 88' lang='lat' dir='ltr'><strong>autem</strong></span> <span class='ocrx_word' id='word_1_136' title='bbox 1187 2254 1347 2343; x_wconf 86' lang='lat' dir='ltr'><strong>juris</strong></span> <span class='ocrx_word' id='word_1_137' title='bbox 1395 2254 1710 2321; x_wconf 89' lang='lat' dir='ltr'><strong>institutio</strong></span> <span class='ocrx_word' id='word_1_138' title='bbox 1740 2252 1909 2321; x_wconf 83' lang='lat' dir='ltr'><strong>facta</strong></span> <span class='ocrx_word' id='word_1_139' title='bbox 1951 2267 2044 2319; x_wconf 91' lang='lat' dir='ltr'><strong>est</strong></span> <span class='ocrx_word' id='word_1_140' title='bbox 2083 2255 2236 2339; x_wconf 83' lang='lat'><strong>(2),</strong></span> <span class='ocrx_word' id='word_1_141' title='bbox 2274 2264 2620 2344; x_wconf 81' lang='lat' dir='ltr'><strong>postquam</strong></span> 
     </span>
     <span class='ocr_line' id='line_1_19' title="bbox 497 2361 2622 2462; baseline -0.004 -21"><span class='ocrx_word' id='word_1_142' title='bbox 497 2371 583 2441; x_wconf 88' lang='lat' dir='ltr'><strong>ad</strong></span> <span class='ocrx_word' id='word_1_143' title='bbox 630 2361 995 2461; x_wconf 83' lang='lat' dir='ltr'><strong>exemplum</strong></span> <span class='ocrx_word' id='word_1_144' title='bbox 1044 2369 1471 2462; x_wconf 89' lang='lat' dir='ltr'><strong>quorumdam</strong></span> <span class='ocrx_word' id='word_1_145' title='bbox 1541 2370 1797 2458; x_wconf 86' lang='lat' dir='ltr'><strong>majoris</strong></span> <span class='ocrx_word' id='word_1_146' title='bbox 1857 2368 2099 2460; x_wconf 84' lang='lat' dir='ltr'><strong>ingenii</strong></span> <span class='ocrx_word' id='word_1_147' title='bbox 2156 2368 2311 2456; x_wconf 84' lang='lat' dir='ltr'><strong>juris</strong></span> <span class='ocrx_word' id='word_1_148' title='bbox 2382 2365 2622 2433; x_wconf 88' lang='lat' dir='ltr'><strong>docto-</strong></span> 
     </span>
     <span class='ocr_line' id='line_1_20' title="bbox 502 2476 2630 2570; baseline -0.002 -17"><span class='ocrx_word' id='word_1_149' title='bbox 502 2476 651 2553; x_wconf 85' lang='lat' dir='ltr'><strong>rum</strong></span> <span class='ocrx_word' id='word_1_150' title='bbox 694 2483 805 2570; x_wconf 85' lang='lat'><strong>(3)</strong></span> <span class='ocrx_word' id='word_1_151' title='bbox 854 2509 891 2548; x_wconf 91' lang='lat' dir='ltr'><strong>a</strong></span> <span class='ocrx_word' id='word_1_152' title='bbox 937 2487 1261 2550; x_wconf 91' lang='lat' dir='ltr'><strong>communi</strong></span> <span class='ocrx_word' id='word_1_153' title='bbox 1293 2485 1547 2551; x_wconf 86' lang='lat' dir='ltr'><strong>tramite</strong></span> <span class='ocrx_word' id='word_1_154' title='bbox 1583 2482 2045 2550; x_wconf 87' lang='lat' dir='ltr'><strong>discedentium</strong></span> <span class='ocrx_word' id='word_1_155' title='bbox 2072 2533 2090 2564; x_wconf 94' lang='lat'>,</span> <span class='ocrx_word' id='word_1_156' title='bbox 2133 2480 2317 2548; x_wconf 91' lang='lat' dir='ltr'><strong>illum</strong></span> <span class='ocrx_word' id='word_1_157' title='bbox 2346 2482 2425 2548; x_wconf 89' lang='lat' dir='ltr'><strong>ad</strong></span> <span class='ocrx_word' id='word_1_158' title='bbox 2459 2483 2630 2549; x_wconf 85' lang='lat' dir='ltr'><strong>titu-</strong></span> 
     </span>
     <span class='ocr_line' id='line_1_21' title="bbox 498 2580 2633 2690; baseline -0.001 -23"><span class='ocrx_word' id='word_1_159' title='bbox 498 2596 715 2667; x_wconf 90' lang='lat' dir='ltr'><strong>lorum</strong></span> <span class='ocrx_word' id='word_1_160' title='bbox 738 2600 807 2663; x_wconf 90' lang='lat' dir='ltr'><strong>in</strong></span> <span class='ocrx_word' id='word_1_161' title='bbox 826 2596 1004 2662; x_wconf 87' lang='lat' dir='ltr'><strong>libris</strong></span> <span class='ocrx_word' id='word_1_162' title='bbox 1039 2600 1433 2685; x_wconf 78' lang='lat' dir='ltr'><strong>justinianeis</strong></span> <span class='ocrx_word' id='word_1_163' title='bbox 1476 2599 1704 2664; x_wconf 89' lang='lat' dir='ltr'><strong>seriem</strong></span> <span class='ocrx_word' id='word_1_164' title='bbox 1741 2597 1993 2690; x_wconf 82' lang='lat' dir='ltr'><strong>singula</strong></span> <span class='ocrx_word' id='word_1_165' title='bbox 2037 2580 2417 2690; x_wconf 85' lang='lat' dir='ltr'><strong>argumenta</strong></span> <span class='ocrx_word' id='word_1_166' title='bbox 2453 2609 2633 2664; x_wconf 87' lang='lat' dir='ltr'><strong>trac-</strong></span> 
     </span>
     <span class='ocr_line' id='line_1_22' title="bbox 502 2696 2637 2804; baseline -0.002 -23"><span class='ocrx_word' id='word_1_167' title='bbox 502 2699 687 2786; x_wconf 75' lang='lat' dir='ltr'><strong>tandi</strong></span> <span class='ocrx_word' id='word_1_168' title='bbox 719 2710 1011 2778; x_wconf 89' lang='lat' dir='ltr'><strong>ordinem</strong></span> <span class='ocrx_word' id='word_1_169' title='bbox 1041 2709 1558 2804; x_wconf 86' lang='lat' dir='ltr'><strong>derelinquerent</strong></span> <span class='ocrx_word' id='word_1_170' title='bbox 1572 2759 1598 2792; x_wconf 82' lang='lat'><em>,</em></span> <span class='ocrx_word' id='word_1_171' title='bbox 1636 2727 1702 2781; x_wconf 85' lang='lat' dir='ltr'><strong>et</strong></span> <span class='ocrx_word' id='word_1_172' title='bbox 1740 2712 1821 2779; x_wconf 90' lang='lat' dir='ltr'><strong>ad</strong></span> <span class='ocrx_word' id='word_1_173' title='bbox 1859 2736 2022 2777; x_wconf 86' lang='lat' dir='ltr'><strong>sanae</strong></span> <span class='ocrx_word' id='word_1_174' title='bbox 2070 2696 2343 2779; x_wconf 86' lang='lat' dir='ltr'><strong>scientiae</strong></span> <span class='ocrx_word' id='word_1_175' title='bbox 2378 2723 2443 2776; x_wconf 90' lang='lat' dir='ltr'><strong>et</strong></span> <span class='ocrx_word' id='word_1_176' title='bbox 2472 2735 2637 2777; x_wconf 81' lang='lat' dir='ltr'><strong>eru·</strong></span> 
     </span>
     <span class='ocr_line' id='line_1_23' title="bbox 510 2818 2625 2920; baseline -0.001 -26"><span class='ocrx_word' id='word_1_177' title='bbox 510 2827 670 2894; x_wconf 70' lang='lat' dir='ltr'><strong>ditae‘</strong></span> <span class='ocrx_word' id='word_1_178' title='bbox 703 2826 855 2892; x_wconf 87' lang='lat' dir='ltr'><strong>artis</strong></span> <span class='ocrx_word' id='word_1_179' title='bbox 901 2826 1217 2893; x_wconf 81' lang='lat' dir='ltr'><strong>rationem</strong></span> <span class='ocrx_word' id='word_1_180' title='bbox 1246 2877 1264 2907; x_wconf 89' lang='lat'>‚</span> <span class='ocrx_word' id='word_1_181' title='bbox 1327 2831 1620 2894; x_wconf 89' lang='lat' dir='ltr'><strong>materias</strong></span> <span class='ocrx_word' id='word_1_182' title='bbox 1674 2828 1744 2893; x_wconf 86' lang='lat' dir='ltr'><strong>in</strong></span> <span class='ocrx_word' id='word_1_183' title='bbox 1787 2839 1993 2920; x_wconf 79' lang='lat' dir='ltr'><strong>partes</strong></span> <span class='ocrx_word' id='word_1_184' title='bbox 2046 2818 2184 2893; x_wconf 77' lang='lat' dir='ltr'><strong>suas</strong></span> <span class='ocrx_word' id='word_1_185' title='bbox 2240 2824 2625 2892; x_wconf 83' lang='lat' dir='ltr'><strong>naturaliter</strong></span> 
     </span>
     <span class='ocr_line' id='line_1_24' title="bbox 510 2937 2639 3030; baseline -0.002 -22"><span class='ocrx_word' id='word_1_186' title='bbox 510 2938 874 3008; x_wconf 85' lang='lat' dir='ltr'><strong>distributas</strong></span> <span class='ocrx_word' id='word_1_187' title='bbox 927 2937 1308 3007; x_wconf 87' lang='lat' dir='ltr'><strong>collocarent</strong></span> <span class='ocrx_word' id='word_1_188' title='bbox 1341 2992 1357 3019; x_wconf 91' lang='lat'><strong>‚</strong></span> <span class='ocrx_word' id='word_1_189' title='bbox 1411 2948 1668 3008; x_wconf 86' lang='lat' dir='ltr'><strong>strenue</strong></span> <span class='ocrx_word' id='word_1_190' title='bbox 1705 2955 1770 3006; x_wconf 89' lang='lat' dir='ltr'><strong>et</strong></span> <span class='ocrx_word' id='word_1_191' title='bbox 1801 2940 2148 3007; x_wconf 85' lang='lat' dir='ltr'><strong>accuratim</strong></span> <span class='ocrx_word' id='word_1_192' title='bbox 2193 2938 2474 3030; x_wconf 78' lang='lat' dir='ltr'><strong>singulos</strong></span> <span class='ocrx_word' id='word_1_193' title='bbox 2521 2965 2639 3004; x_wconf 70' lang='lat' dir='ltr'><strong>ar-</strong></span> 
     </span>
     <span class='ocr_line' id='line_1_25' title="bbox 510 3038 2631 3148; baseline -0.001 -26"><span class='ocrx_word' id='word_1_194' title='bbox 510 3038 741 3122; x_wconf 74' lang='lat' dir='ltr'><strong>ticulos</strong></span> <span class='ocrx_word' id='word_1_195' title='bbox 811 3052 1183 3122; x_wconf 86' lang='lat' dir='ltr'><strong>definientes</strong></span> <span class='ocrx_word' id='word_1_196' title='bbox 1248 3046 1478 3148; x_wconf 77' lang='lat' dir='ltr'><strong>easque</strong></span> <span class='ocrx_word' id='word_1_197' title='bbox 1541 3055 1843 3127; x_wconf 82' lang='lat' dir='ltr'><strong>historice</strong></span> <span class='ocrx_word' id='word_1_198' title='bbox 1912 3052 2097 3120; x_wconf 85' lang='lat' dir='ltr'><strong>simul</strong></span> <span class='ocrx_word' id='word_1_199' title='bbox 2171 3080 2251 3119; x_wconf 80' lang='lat' dir='ltr'><strong>ac</strong></span> <span class='ocrx_word' id='word_1_200' title='bbox 2310 3052 2631 3120; x_wconf 84' lang='lat' dir='ltr'><strong>didacticc</strong></span> 
     </span>
     <span class='ocr_line' id='line_1_26' title="bbox 513 3156 2607 3236; baseline -0.005 0"><span class='ocrx_word' id='word_1_201' title='bbox 513 3156 922 3236; x_wconf 84' lang='lat' dir='ltr'><strong>illustrantes.</strong></span> <span class='ocrx_word' id='word_1_202' title='bbox 2234 3162 2245 3169; x_wconf 82' lang='grc'><strong>’</strong></span> <span class='ocrx_word' id='word_1_203' title='bbox 2596 3158 2607 3167; x_wconf 68' lang='grc'><strong><em>“</em></strong></span> 
     </span>
     <span class='ocr_line' id='line_1_27' title="bbox 608 3278 2637 3376; baseline -0.002 -23"><span class='ocrx_word' id='word_1_204' title='bbox 608 3284 877 3353; x_wconf 89' lang='lat' dir='ltr'><strong>Variam</strong></span> <span class='ocrx_word' id='word_1_205' title='bbox 936 3282 1110 3353; x_wconf 82' lang='lat' dir='ltr'><strong>viam</strong></span> <span class='ocrx_word' id='word_1_206' title='bbox 1154 3294 1371 3350; x_wconf 86' lang='lat' dir='ltr'><strong>autem</strong></span> <span class='ocrx_word' id='word_1_207' title='bbox 1415 3280 1705 3350; x_wconf 86' lang='lat' dir='ltr'><strong>doctores</strong></span> <span class='ocrx_word' id='word_1_208' title='bbox 1751 3284 2014 3373; x_wconf 85' lang='lat' dir='ltr'><strong>ingressi</strong></span> <span class='ocrx_word' id='word_1_209' title='bbox 2069 3293 2218 3348; x_wconf 89' lang='lat' dir='ltr'><strong>sunt</strong></span> <span class='ocrx_word' id='word_1_210' title='bbox 2236 3333 2252 3362; x_wconf 89' lang='lat'>,</span> <span class='ocrx_word' id='word_1_211' title='bbox 2306 3278 2637 3376; x_wconf 81' lang='lat' dir='ltr'><strong>hodieque</strong></span> 
     </span>
    </p>
   </div>
   <div class='ocr_carea' id='block_1_3' title="bbox 528 3636 2641 3826">
    <p class='ocr_par' dir='ltr' id='par_1_3' title="bbox 528 3636 2641 3826">
     <span class='ocr_line' id='line_1_28' title="bbox 543 3636 2641 3738; baseline -0.003 -19"><span class='ocrx_word' id='word_1_212' title='bbox 543 3644 546 3647; x_wconf 22' lang='lat'>¹</span> <span class='ocrx_word' id='word_1_213' title='bbox 610 3655 715 3738; x_wconf 85' lang='lat'><strong>(1)</strong></span> <span class='ocrx_word' id='word_1_214' title='bbox 739 3638 855 3718; x_wconf 31' lang='lat' dir='ltr'><strong>‘Ita</strong></span> <span class='ocrx_word' id='word_1_215' title='bbox 878 3652 1329 3718; x_wconf 85' lang='lat' dir='ltr'><strong>Wesenbecius</strong></span> <span class='ocrx_word' id='word_1_216' title='bbox 1358 3654 1724 3717; x_wconf 89' lang='lat' dir='ltr'><strong>methodum</strong></span> <span class='ocrx_word' id='word_1_217' title='bbox 1765 3656 2165 3718; x_wconf 87' lang='lat' dir='ltr'><strong>Ramisticam</strong></span> <span class='ocrx_word' id='word_1_218' title='bbox 2185 3701 2203 3731; x_wconf 85' lang='lat'><strong>‚</strong></span> <span class='ocrx_word' id='word_1_219' title='bbox 2252 3636 2641 3714; x_wconf 82' lang='lat' dir='ltr'><strong>Thomasius</strong></span> 
     </span>
     <span class='ocr_line' id='line_1_29' title="bbox 528 3761 1671 3826; baseline -0.001 -2"><span class='ocrx_word' id='word_1_220' title='bbox 528 3771 593 3824; x_wconf 83' lang='lat' dir='ltr'><strong>et</strong></span> <span class='ocrx_word' id='word_1_221' title='bbox 638 3763 1008 3826; x_wconf 71' lang='lat' dir='ltr'><strong>Heineccius</strong></span> <span class='ocrx_word' id='word_1_222' title='bbox 1036 3761 1223 3826; x_wconf 88' lang='lat' dir='ltr'><strong>aliam</strong></span> <span class='ocrx_word' id='word_1_223' title='bbox 1256 3762 1671 3824; x_wconf 84' lang='lat' dir='ltr'><strong>introduxere.</strong></span> 
     </span>
    </p>
   </div>
   <div class='ocr_carea' id='block_1_4' title="bbox 615 3918 2302 4136">
    <p class='ocr_par' dir='ltr' id='par_1_4' title="bbox 615 3918 2302 4136">
     <span class='ocr_line' id='line_1_30' title="bbox 615 3918 2302 4007; baseline -0.002 -26"><span class='ocrx_word' id='word_1_224' title='bbox 615 3919 720 4003; x_wconf 84' lang='lat'><strong>(2)</strong></span> <span class='ocrx_word' id='word_1_225' title='bbox 763 3921 942 4007; x_wconf 85' lang='lat' dir='ltr'><strong>Hugo</strong></span> <span class='ocrx_word' id='word_1_226' title='bbox 969 3966 986 3997; x_wconf 90' lang='lat'>,</span> <span class='ocrx_word' id='word_1_227' title='bbox 1029 3922 1096 3983; x_wconf 90' lang='lat' dir='ltr'><em>E</em></span> <span class='ocrx_word' id='word_1_228' title='bbox 1098 3921 1510 4007; x_wconf 80' lang='lat' dir='ltr'><strong>ncyclopaedie</strong></span> <span class='ocrx_word' id='word_1_229' title='bbox 1536 3970 1552 3999; x_wconf 89' lang='lat'>,</span> <span class='ocrx_word' id='word_1_230' title='bbox 1584 3921 1683 3982; x_wconf 88' lang='lat' dir='ltr'><strong>ed.</strong></span> <span class='ocrx_word' id='word_1_231' title='bbox 1715 3919 1789 3985; x_wconf 82' lang='lat' dir='ltr'><strong>5a</strong></span> <span class='ocrx_word' id='word_1_232' title='bbox 1824 3969 1845 4000; x_wconf 84' lang='lat'>‚</span> <span class='ocrx_word' id='word_1_233' title='bbox 1880 3920 1911 4005; x_wconf 82' lang='lat'><em>§</em></span> <span class='ocrx_word' id='word_1_234' title='bbox 1935 3918 2049 4005; x_wconf 70' lang='lat'><strong>247</strong></span> <span class='ocrx_word' id='word_1_235' title='bbox 2085 3929 2147 3980; x_wconf 88' lang='lat' dir='ltr'><strong>et</strong></span> <span class='ocrx_word' id='word_1_236' title='bbox 2175 3936 2302 4000; x_wconf 82' lang='lat' dir='ltr'><strong>seq.</strong></span> 
     </span>
     <span class='ocr_line' id='line_1_31' title="bbox 618 4052 1644 4136; baseline -0.001 -20"><span class='ocrx_word' id='word_1_237' title='bbox 618 4053 728 4136; x_wconf 82' lang='lat'><strong>(3)</strong></span> <span class='ocrx_word' id='word_1_238' title='bbox 772 4052 851 4115; x_wconf 88' lang='lat' dir='ltr'><strong>V.</strong></span> <span class='ocrx_word' id='word_1_239' title='bbox 901 4054 984 4115; x_wconf 82' lang='lat' dir='ltr'><strong>G.</strong></span> <span class='ocrx_word' id='word_1_240' title='bbox 1031 4052 1292 4117; x_wconf 80' lang='lat' dir='ltr'><strong>Donelli</strong></span> <span class='ocrx_word' id='word_1_241' title='bbox 1323 4101 1342 4131; x_wconf 87' lang='lat'>‚</span> <span class='ocrx_word' id='word_1_242' title='bbox 1384 4052 1644 4119; x_wconf 78' lang='lat' dir='ltr'><strong>Domat.</strong></span> 
     </span>
    </p>
   </div>
  </div>
 </body>
</html>
