2893 4778
455 391 465 436 5.
556 339 657 422 ,86
893 362 1404 416 commem-Anu
1452 360 1654 413 xmus
1704 361 1988 414 nomm
2037 363 2355 415 rrum-n.

650 487 960 557 Successit
978 483 1322 554 Clementis
1351 487 1418 555 V
1440 484 1729 555 collectio
1763 510 1961 577 quam
1991 486 2031 551 J
2035 509 2270 553 oannes
2291 488 2488 554 XXII
2523 511 2687 581 pro-

497 669 500 670 .
555 604 873 696 :nulgavit
916 617 981 671 et
1005 601 1310 695 explicari
1341 601 1411 669 in
1433 601 1946 670 universitatibus
1970 603 2148 689 jussit
2185 603 2204 685 (
2233 601 2306 668 13
2325 607 2482 691 17),
2530 608 2550 686 (
2583 626 2605 667 1
2636 609 2682 688 ).

654 722 844 788 Hisce
900 719 1187 812 partibus
1244 730 1493 786 constat
1548 742 1776 811 corpus
1823 719 1974 806 juris
2034 721 2325 786 canonici
2373 718 2684 792 clausum.

561 834 1070 929 Extravagantes
1111 832 1452 901 decretales
1485 831 1880 902 diversorum
1925 833 2306 927 pontificum
2340 837 2413 900 in
2448 834 2686 903 editio-

567 952 758 1019 nibus
780 949 902 1016 illis
937 950 1221 1043 partibus
1245 948 1504 1038 adjectae
1543 957 1694 1017 sunt
1723 1001 1741 1030 ‚
1788 947 1985 1019 veluti
2016 949 2282 1018 Joannis
2313 950 2511 1018 XXII
2536 999 2555 1032 ‚
2583 951 2688 1020 vel

561 1090 707 1160 quae
741 1064 1043 1133 dicuntur
1082 1089 1465 1132 communes.

655 1184 916 1275 Integra
956 1180 1244 1249 collectio
1280 1205 1317 1248 a
1350 1181 1669 1275 Gregorio
1711 1179 1870 1248 XIII
1910 1183 2194 1270 examini
2233 1182 2541 1249 submissa
2561 1234 2580 1263 ‚
2612 1197 2685 1252 et

566 1301 738 1368 anno
785 1297 951 1364 1580
993 1300 1129 1385 ejus
1161 1300 1330 1384 jussu
1371 1308 1653 1364 correcta
1698 1309 1890 1390 atque
1931 1296 2101 1363 edita
2145 1308 2238 1363 est
2269 1323 2288 1379 3
2332 1297 2504 1365 hisce
2541 1321 2691 1368 cor-

566 1415 756 1481 rectis
815 1410 1202 1478 editionibus
1257 1422 1511 1479 tantum
1568 1413 1835 1479 utimur.
1893 1407 2184 1478 Durante
2232 1411 2446 1478 medio
2498 1436 2636 1482 aevo
2669 1466 2688 1494 ,

569 1527 838 1620 singulae
871 1538 1078 1617 partes
1122 1513 1222 1616 ab
1245 1525 1699 1618 interpretibus
1741 1524 1943 1619 glossa
1980 1519 2303 1593 illustratae
2320 1533 2504 1594 sunt.

662 1639 999 1708 Editiones
1041 1636 1448 1706 notabiliores
1487 1640 1772 1731 corporis
1818 1640 1975 1724 juris
2011 1640 2305 1712 canonici
2345 1652 2497 1706 sunt
2526 1666 2547 1705 ε

673 1778 734 1820 1.
782 1755 880 1820 Ea
931 1779 1074 1846 quae
1117 1754 1198 1821 ab
1249 1754 1396 1845 ipsis
1446 1755 1726 1821 romanis
1775 1755 2234 1822 correctoribus
2281 1753 2544 1847 vulgata
2594 1764 2698 1823 est

571 1870 833 1950 Romae,
896 1865 1060 1935 1582
1088 1919 1104 1948 ,
1158 1893 1179 1934 1
1225 1894 1285 1937 v.
1322 1867 1434 1934 fol.
2712 1957 2719 1961 ὃ

669 2011 731 2052 2.
777 1984 997 2076 Quam
1034 1984 1257 2051 fratres
1301 1985 1558 2053 Pithoei
1599 2009 1950 2068 curavere,
1995 1984 2185 2055 edita
2213 1987 2465 2054 Parisiis
2519 1988 2695 2082 1687

577 2114 645 2206 et
682 2101 913 2192 Lipsiae
973 2096 1441 2189 1695‚1705.

670 2213 734 2280 3.
778 2212 1286 2304 Diligentissima
1320 2212 1614 2278 omnium
1654 2234 1809 2278 cura
1855 2210 2026 2280 Just.
2081 2192 2436 2305 Henningii
2476 2214 2702 2283 Boeh-

592 2353 773 2410 mer,
824 2325 1047 2409 Halis,
1098 2328 1301 2418 1747,
1359 2349 1396 2392 2
1439 2339 1594 2394 tom.
1633 2324 1730 2410 40.

670 2444 771 2510 De
805 2441 1407 2510 commentatoribus
1432 2442 1589 2529 juris
1622 2442 1915 2509 canonici
1943 2452 2215 2509 tractare
2256 2445 2463 2537 operis
2492 2453 2704 2516 nostri

582 2557 739 2626 fines
781 2555 1052 2624 excedit.

1379 2670 1413 2755 §
1502 2668 1644 2736 XX
1659 2669 1808 2780 XII
1822 2670 1878 2734 I.

631 2861 752 2930 De
776 2857 1262 2955 juris-consultis
1311 2858 1695 2926 soeculorum
1740 2860 1867 2927 XI
1869 2859 1951 2930 V
1951 2808 1957 2817 s
1983 2875 2053 2925 et
2096 2861 2262 2932 XV
2294 2912 2312 2943 ,
2346 2866 2658 2956 finisque

881 2976 1149 3041 romani
1183 2997 1313 3066 per
1355 2972 1430 3041 E
1432 2998 1705 3067 wopam
1737 2969 2232 3067 propagatione
2276 2979 2409 3063 (2).

678 3165 1114 3235 Glossatorum
1153 3178 1332 3234 aetate
1362 3219 1380 3248 ‚
1426 3168 1586 3256 juris
1623 3166 1874 3233 remani
1916 3168 2147 3233 notitia
2193 3173 2326 3255 jam
2365 3168 2448 3234 ad
2483 3169 2708 3262 pluri-

585 3305 719 3347 mas
760 3281 1036 3371 Europae
1081 3294 1299 3369 gentes
1341 3281 1634 3371 pervenit
1671 3331 1688 3360 ,
1755 3282 2041 3371 quamvis
2086 3280 2246 3348 illud
2289 3281 2583 3350 nondum
2632 3289 2711 3352 in

586 3419 772 3463 usum
805 3396 1178 3485 reciperent.
1216 3395 1296 3459 In
1329 3391 1542 3473 Gallia
1580 3417 1733 3461 mox
1778 3393 1992 3461 doceri
2040 3407 2317 3488 coeptum
2357 3411 2473 3464 est.
2513 3397 2673 3467 Glos
2697 3441 2713 3452 ·

555 3738 562 3748 ’
673 3702 781 3799 (1)
827 3717 1073 3778 Citatur
1110 3737 1260 3780 voce
1304 3716 1729 3778 Clementinae.

674 3849 782 3930 (2)
824 3849 1156 3927 Haubold‚
1201 3851 1362 3909 Inst.
1403 3850 1641 3910 literar.
1677 3861 1766 3908 n0.
1807 3845 2254 3923 XII-XXXV,
2292 3869 2430 3930 pag.
2468 3845 2578 3931 42—
2561 3844 2709 3929 —503

595 3953 988 4031 Ten-asson,
1015 3957 1295 4016 Histozre
1327 3955 1403 4014 de
1432 3953 2024 4037 laJUunsprudence
2052 3975 2114 4036 p.
2148 3952 2268 4053 409
2288 3965 2349 4013 et
2378 3974 2507 4035 seq.
2542 3954 2716 4015 Ber·-

593 4060 718 4117 riac
752 4060 1051 4121 Se.-Prix
1081 4108 1099 4138 ,
1138 4084 1200 4144 p.
1249 4050 1528 4121 300-313
1565 4081 1585 4138 3
1631 4061 1905 4123 Gravina
1929 4106 1947 4136 ‚
1978 4061 2070 4119 De
2095 4070 2236 4120 ortu
2264 4070 2326 4119 et
2369 4079 2715 4142 progressu

591 4164 749 4247 juris
784 4167 911 4233 civ.
956 4166 1097 4230 Lib.
1139 4169 1192 4232 1.
1241 4190 1297 4234 c.
1356 4165 1631 4252 147·168
1664 4187 1689 4248 5
1750 4167 1942 4249 Hugo
1982 4215 2002 4249 ,
2064 4168 2094 4253 §
2153 4168 2487 4232 130-152.;
