2893 4778
511 260 654 363 196
837 278 1352 333 conumunn
1403 277 1605 330 smus
1656 278 1940 331 noum
1990 238 2306 334 rntv‘l‘nt.

597 405 700 475 50.
744 404 976 474 Omnis
1012 415 1227 471 autem
1264 402 1564 494 cognatio
1590 453 1609 481 ‚
1669 400 1847 494 quod
1893 401 1977 468 ad
2029 406 2165 490 ejus
2212 404 2348 473 vim
2392 403 2633 472 attinet?

504 519 744 612 duplex
795 530 891 587 est
913 570 932 599 ,
1006 516 1307 609 cognatio
1372 521 1497 601 (in
1562 516 1768 609 specie
1831 518 1935 583 sic·
1984 516 2206 602 dicta)
2267 516 2509 586 scilicet
2555 531 2627 587 et

498 637 778 727 agnatio.
830 635 982 700 Haec
1030 631 1161 698 sola
1219 629 1376 698 olim
1433 628 1652 723 plenos
1702 632 1776 697 in
1826 633 1960 718 jure
2011 629 2187 698 civili
2236 630 2468 699 habuit
2509 632 2615 698 ef-

493 748 701 817 fectus
749 753 771 831 (
798 774 818 815 ι
842 753 902 830 );
938 769 1215 839 quorum
1252 745 1606 837 gravissimi
1635 768 1787 812 vero
1833 746 2174 818 novissimo
2213 748 2351 832 jure
2379 746 2618 814 sublati

496 876 647 931 sunt
707 867 783 948 (ιι
802 867 868 946 ).ῤ
908 860 1153 951 Agnati
1208 858 1315 944 (3)
1369 870 1683 926 vocantur
1738 858 2031 949 cognati,
2059 855 2314 924 familiae
2353 857 2617 927 vinculo

496 984 669 1046 inter
701 1001 764 1043 se
794 975 1186 1044 echan-entes
1234 971 1389 1059 (4),
1423 983 1548 1038 'aut
1577 973 1727 1063 quia
1769 972 1889 1038 sub
1944 970 2224 1059 ejusdem
2263 973 2461 1064 patris
2496 996 2617 1064 po·-

496 1100 719 1156 testate
752 1098 940 1153 erant
970 1084 1340 1170 constituti,
1393 1095 1505 1148 aut
1543 1083 1694 1173 quia
1736 1082 1805 1147 in
1853 1105 1927 1147 ea
1976 1079 2239 1147 fuissent
2266 1131 2282 1158 ‚
2331 1083 2383 1146 si
2425 1106 2613 1148 com-

494 1203 722 1269 munis.
742 1199 996 1296 genitor
1028 1208 1453 1290 praemortuus
1489 1219 1623 1261 non
1648 1207 1822 1261 esset.
1859 1194 2031 1261 Cum
2059 1193 2174 1260 soli
2202 1195 2328 1263 viri
2355 1194 2615 1262 familia

487 1317 812 1410 principes
834 1336 959 1378 esse
981 1312 1218 1403 possint
1238 1361 1255 1389 ‚
1288 1310 1724 1408 agnati'etiam
1754 1306 2061 1375 dicuntur
2079 1359 2096 1387 ‚
2126 1310 2239 1399 qui
2261 1332 2377 1400 per
2409 1332 2615 1399 marcs

494 1443 646 1498 sunt
686 1427 950 1519 cognati
993 1426 1126 1510 (5).
1183 1424 1475 1515 Agnatio
1520 1443 1676 1514 ergo
1717 1434 1828 1488 aut
1869 1421 2156 1514 legitimo
2201 1424 2613 1490 matrimonio

492 1541 958 1611 interveniente
1005 1551 1116 1605 aut
1159 1536 1502 1631 adoptione
1538 1537 1894 1619 formatur3
1950 1534 2124 1602 nuda
2161 1537 2456 1629 cognatio
2493 1561 2612 1628 per

491 1654 797 1720 feminam
839 1652 1273 1719 constituitur.
1329 1652 1461 1717 Has
1494 1651 1580 1717 ob
1630 1652 1905 1718 rationes
1947 1651 2153 1716 omnis
2192 1649 2493 1742 cognatio
2537 1651 2610 1717 in

487 1781 613 1836 tres
626 1789 879 1861 quoque
886 1768 1128 1859 species
1146 1764 1522 1843 deducitur,
1547 1763 1943 1844 naturalem,
1960 1762 2211 1833 civilem
2225 1776 2295 1829 et
2310 1763 2607 1831 mixtam.

487 1879 810 1949 Naturalis
848 1894 971 1960 est,
1002 1901 1144 1972 quae
1189 1877 1319 1946 sola
1364 1892 1565 1945 matre
1594 1880 1951 1972 contingit,
1998 1877 2198 1947 civilis
2230 1899 2421 1970 quae,
2464 1877 2604 1946 solo

487 2009 708 2089 patre,
746 1994 1101 2087 adoptionis
1154 2018 1362 2073 nexu,
1422 1995 1626 2059 mixta
1675 2017 1817 2084 quae
1859 2016 1974 2084 per
2019 2005 2266 2084 patrem
2306 1990 2497 2057 simul
2535 1975 2639 2059 et,

484 2123 755 2177 matrem
799 2107 1132 2200 copulatur
1153 2159 1170 2187 ‚
1215 2110 1257 2173 i.
1301 2133 1354 2173 e.
1402 2107 1577 2194 justis
1613 2108 1856 2199 nuptiis
1910 2105 2409 2199 praecedentibus
2460 2107 2597 2191 (6).

576 2222 679 2291 51.
725 2223 1226 2314 Distinguuntur
1276 2222 1678 2313 cognationis
1729 2219 1914 2287 lineae
1969 2233 2033 2286 et
2079 2219 2326 2313 gradus,
2371 2219 2597 2287 Altera

481 2336 648 2406 linea
692 2336 931 2407 directa
985 2361 1095 2404 seu
1138 2349 1307 2403 recta
1369 2334 1607 2402 dicitur
1625 2386 1643 2415 ‚
1706 2333 1905 2403 altera
1969 2348 2318 2403 transversa
2361 2332 2461 2404 vel
2510 2359 2597 2401 ex

489 2452 692 2520 latere
759 2458 835 2543 (7
853 2458 895 2540 ).
942 2452 1139 2519 Recta
1196 2448 1368 2518 linea
1424 2453 1682 2542 cognati
1734 2464 1886 2518 sunt
1928 2430 2220 2545 parentes
2257 2460 2323 2516 et
2363 2446 2548 2515 liberi
2568 2501 2596 2532 0

562 2834 674 2918 (1)
739 2835 834 2898 Ex
892 2836 1026 2921 lege
1079 2834 1222 2899 xu.
1275 2835 1684 2899 Tabularum.
1754 2835 1891 2920 Gai.
1967 2834 2100 2913 111,
2164 2833 2197 2919 §
2263 2855 2380 2913 ιο,
2455 2833 2586 2913 245

478 2937 631 3027 Ulp.
680 2943 932 3017 XXVI,
980 2944 1031 3003 1.

556 3050 665 3132 (2)
709 3050 869 3113 Nov.
918 3049 1075 3125 118,
1114 3071 1171 3111 c.
1213 3048 1276 3129 4.

555 3155 664 3240 (3)
706 3157 777 3220 L.
827 3156 978 3240 195,
1022 3156 1054 3240 §
1099 3177 1173 3233 α,
1215 3158 1294 3217 D.
1342 3155 1461 3233 50,
1514 3154 1626 3233 16,
1668 3156 1795 3241 (de
1829 3179 1892 3221 v.
1934 3156 2055 3239 8.).

551 3261 660 3347 (4)
704 3263 966 3324 Minima
1023 3265 1249 3346 capitis
1281 3262 1631 3325 deminutio
1681 3248 2080 3347 agnationem
2134 3261 2308 3325 tollit
2354 3288 2369 3324 ι
2428 3261 2460 3347 §
2504 3264 2584 3342 3,

468 3368 518 3427 Ι.
564 3390 584 3428 ι
618 3416 635 3444 ,
688 3367 801 3443 15,
847 3371 984 3449 (tit.
1026 3370 1173 3452 cit.)
1216 3389 1236 3449 3
1282 3371 1423 3445 Gai.
1474 3370 1596 3447 ΙΙΙ,
1644 3369 1674 3453 §
1716 3392 1817 3432 21.

547 3474 651 3557 (5)
695 3477 825 3558 Gaj.
860 3497 883 3537 1
918 3475 945 3560 §
982 3475 1137 3551 156,
1192 3475 1220 3558 ᾗ
1257 3498 1329 3560 ι,
1361 3475 1407 3536 Ι.
1440 3496 1461 3535 ι
1499 3524 1516 3549 ,
1556 3475 1625 3537 ι5
1651 3524 1666 3552 ,
1703 3468 1821 3559 (de
1848 3476 2020 3559 legit.
2045 3484 2253 3559 agnat.
2284 3475 2565 3558 tutela),

460 3578 530 3640 L.
581 3604 648 3642 10
676 3631 691 3655 ,
727 3582 753 3663 ᾖ
784 3602 856 3655 2,
883 3580 955 3660 4,
996 3582 1074 3642 D.
1110 3580 1176 3642 h.
1206 3592 1253 3642 t.
1289 3581 1605 3664 Ulpianus
1643 3584 1732 3645 XI
1759 3628 1775 3657 ,
1821 3581 1880 3662 4.
1916 3583 2123 3645 XXVI
2147 3630 2164 3660 ,
2215 3605 2236 3644 ι
2271 3630 2289 3659 ,
2327 3594 2586 3665 agnatos
2698 3660 2707 3675 Ι

457 3686 664 3753 virilis
716 3708 887 3748 sexus
949 3709 1079 3747 esse
1130 3687 1355 3748 debere
1419 3699 1645 3767 notat3
1694 3692 1819 3772 ejus
1883 3692 2049 3753 enim
2118 3700 2296 3751 aetate
2350 3701 2589 3773 agssnatoe

457 3792 745 3876 plurimae
790 3806 1159 3876 agnatorum
1198 3796 1333 3876 jura
1380 3815 1507 3855 non
1539 3793 1878 3857 habebant.

543 3898 636 3981 (6)
679 3903 750 3961 L.
795 3899 871 3979 4,
917 3902 1061 3984 §2‚
1105 3903 1180 3963 D.
1225 3902 1290 3962 h.
1333 3914 1382 3964 t.

539 4007 789 4091 ‘DL
832 4008 1001 4094 91.
1054 4009 1873 4092 10,§9,D.h..t.Nov
1923 4011 2077 4097 118,
2118 4033 2174 4074 c.
2222 4010 2359 4075 1-3
