2893 4778
521 297 668 383 540
838 321 1345 372 comssunn
1393 320 1594 369 sums
1644 319 1930 380 noxum
1977 312 2297 371 rnrvaerr.

519 446 618 532 jus
657 467 847 507 suum
896 455 1117 509 contra
1164 468 1613 535 quemcunque
1661 419 2061 535 persequitur
2101 467 2239 509 rem
2278 440 2636 534 obligatam*

518 555 924 624 vindicando.
993 556 1164 623 Cum
1221 560 1393 624 enim
1449 560 1510 623 ei
1565 581 1929 624 concessum
1997 581 2131 624 non
2189 559 2271 624 sit
2331 557 2618 650 pignoris

515 692 927 764 possessorem
983 672 1229 761 privata
1279 671 1650 737 auctoritate
1699 669 2011 762 expellere
2068 676 2223 757 (1),
2282 672 2408 737 hoc
2461 673 2653 758 juris*

514 784 796 852 remedio
857 788 918 852 ei
952 786 1193 852 Praetor
1242 786 1534 854 subvenit
1574 836 1591 864 ‚
1653 796 1727 850 ut
1776 783 1938 850 illud
1994 783 2308 876 possidere
2387 785 2621 876 poffltr

513 899 644 967 sive
676 897 1069 966 distrahendi
1112 923 1328 978 causa,
1370 899 1500 968 sive
1526 912 1601 965 ut
1639 900 1758 991 ipsi
1788 912 2048 967 cautum
2095 901 2177 967 sit
2201 951 2220 978 ,
2267 924 2404 966 rem
2434 898 2608 966 dete-

513 1015 753 1086 riorem
791 1031 926 1078 non
950 1012 1103 1103 ,fieri
1153 1013 1294 1102 (2).
1402 1005 1409 1011 ’

605 1125 721 1191 Vis
768 1138 956 1219 atque
995 1142 1222 1193 natura
1281 1127 1473 1215 hujus
1520 1128 1781 1194 actionis
1825 1151 1907 1193 ex
1949 1128 2364 1219 sequentibus
2419 1150 2609 1205 cons«

510 1241 700 1330 picua
744 1252 857 1306 est.

602 1378 673 1419 a.
722 1354 1048 1447 Competit
1091 1381 1163 1421 ea
1200 1354 1469 1421 cuilibet
1495 1354 1841 1440 creditori,
1891 1358 2006 1447 qui
2049 1358 2144 1438 jus
2175 1356 2465 1447 pignoris
2509 1348 2612 1421 vel

510 1467 893 1560 hypothecae
933 1470 1160 1548 habet,
1220 1496 1339 1536 nec
1370 1494 1505 1538 rem
1531 1469 1840 1562 possidet3
1897 1469 1989 1535 nil
2037 1472 2297 1535 interest
2324 1520 2342 1549 ‚
2389 1482 2614 1535 utrum.

511 1580 681 1649 hanc
707 1588 836 1671 jam
863 1582 1210 1675 possederit
1241 1585 1425 1674 eique
1454 1586 1749 1675 possessio
1784 1597 2002 1677 erepta
2041 1582 2234 1651 fuerit
2263 1634 2281 1665 ,
2315 1607 2399 1649 an
2433 1607 2640 1658 nun-⁸

509 1720 706 1786 quam
749 1710 933 1762 antea
969 1722 1107 1761 eam
1148 1695 1491 1772 detinuerit
1536 1697 1675 1783 (3).

600 1811 826 1903 Neque
876 1809 1079 1878 solum
1116 1813 1356 1903 primus
1406 1812 1574 1878 inter
1631 1811 1973 1879 creditores
2018 1812 2139 1879 hac
2195 1812 2450 1902 actione
2487 1836 2610 1878 ex-
2629 1873 2644 1883 .

509 1924 708 2014 periri
751 1935 958 2016 potest
982 1975 1000 2004 ‚
1042 1948 1268 1993 verum
1307 1926 1503 1990 etiam
1537 1923 1876 1992 creditores
1925 1924 2303 2017 posteriores
2330 1976 2350 2004 ‚
2405 1922 2604 1991 ‹lum—-

509 2035 704 2104 modo
726 2037 1012 2120 ,melioris
1049 2041 1207 2126 juris
1249 2037 1629 2105 creditorem
1669 2062 1806 2105 non
1844 2040 2226 2107 conveniant
2274 2038 2355 2124 (4
2372 2045 2424 2123 ).

598 2154 890 2246 Denique
944 2167 1010 2221 et
1042 2152 1133 2220 illi
1177 2178 1453 2246 quorum
1496 2156 1775 2247 pignora
1832 2175 1966 2220 non
2025 2180 2062 2219 a
2115 2154 2210 2251 rei
2255 2155 2636 2245 pignerata,

419 2325 429 2338 ,
509 2267 776 2337 domino
848 2271 1193 2356 constituta
1245 2283 1394 2337 sunt
1416 2323 1434 2351 ,
1508 2270 1859 2346 secundum
1904 2295 1978 2335 ea
2015 2294 2160 2361 quae
2199 2294 2386 2361 supra
2434 2280 2634 2351 retu-⁸

509 2382 700 2452 limus
728 2389 891 2470 (nm.
925 2383 1052 2451 360
1080 2436 1098 2463 ‚
1145 2381 1205 2448 b.
1237 2387 1257 2468 )
1288 2381 1531 2450 utiliter
1559 2407 1631 2448 ea
1668 2407 1851 2475 agere
1890 2395 2149 2473 possunt
2181 2380 2315 2464 (5).

594 2497 664 2565 b.
714 2497 1156 2568 conveniendi
1183 2479 1331 2565 sunt
1362 2500 1816 2590 hypothecaria
1850 2499 2100 2564 actione
2131 2499 2224 2562 rei
2257 2498 2608 2588 pignerata

503 2608 863 2679 detentores
881 2664 897 2694 ,
928 2626 1060 2679 tam
1095 2616 1227 2705 ipse
1277 2612 1527 2681 debitor
1582 2638 1777 2706 quam
1812 2611 2079 2678 inferior
2117 2610 2395 2678 creditor
2424 2655 2454 2690 ,
2492 2621 2604 2675 aut

501 2727 768 2818 quisque
810 2740 1144 2803 extraneus
1186 2726 1271 2812 (6
1291 2733 1334 2812 ).

587 2968 709 3050 (1)
752 2971 822 3033 L.
864 2972 1028 3031 3*C.
1067 2970 1149 3047 8,
1212 2972 1290 3050 ,14
1322 3020 1339 3047 ,
1381 2973 1491 3055 (de
1532 2973 1702 3055 pign.
1747 2984 1825 3032 et
1871 2968 2179 3054 hypoth.)
2217 2990 2240 3048 ς
2293 2990 2407 3032 nec
2446 2989 2605 3029 con-
2702 3043 2711 3050 .

504 3077 765 3137 trarium
793 3080 1011 3138 statuit
1038 3077 1082 3138 l.
1140 3099 1160 3138 1
1180 3100 1201 3138 1
1251 3080 1322 3145 C.
1347 3077 1385 3155 4
1409 3126 1427 3155 ,
1470 3076 1550 3155 24
1569 3125 1586 3154 ,
1644 3078 1755 3159 (de
1775 3079 1951 3160 pign.
1983 3076 2130 3159 act.)
2163 3123 2180 3152 ‚
2208 3078 2291 3158 {ut
2319 3073 2598 3136 ostendit
2623 3132 2630 3141 ,

501 3180 789 3263 Cujacius
817 3231 835 3259 ,
872 3186 935 3245 in
983 3166 1220 3245 recitat.
1260 3184 1339 3243 ad
1383 3184 1427 3246 l.
1472 3186 1509 3245 3
1554 3187 1624 3247 C.
1666 3183 1708 3244 8
1737 3231 1753 3257 ,
1805 3184 1897 3260 14.

500 3342 512 3364 ,
586 3289 692 3369 (2)
736 3289 972 3351 Idcirco
1021 3289 1290 3351 creditor
1330 3291 1569 3373 pignus,
1597 3268 1916 3350 vindieiire
1962 3298 2205 3372 potest,
2268 3296 2630 3368 antequam.

496 3392 631 3456 'dies
676 3395 999 3457 solutionis
1030 3400 1242 3461 ,venit.
1292 3398 1364 3460 L.
1417 3399 1486 3458 13
1534 3396 1562 3481 ᾖ
1600 3393 1778 3474 5,.1.
1826 3395 1899 3475 14
1925 3419 2069 3485 Ρη,
2115 3398 2195 3457 D.
2237 3414 2355 3473 20,
2414 3416 2437 3455 1
2485 3393 2631 3477 (de.

497 3506 675 3587 pign.
724 3515 786 3565 et
826 3503 1168 3589 Ahypoth.).

581 3610 688 3692 (3)
732 3609 800 3682 L.
836 3607 914 3671 28
953 3612 1156 3692 pr.·'D.
1196 3611 1265 3671 13
1298 3657 1315 3687 ‚
1347 3632 1382 3695 7
1413 3610 1544 3689 (de
1570 3611 1741 3693 pign.
1770 3621 1888 3671 act.
1921 3608 1991 3687 33
2040 3608 2140 3691 §7
2167 3609 2219 3668 1.
2253 3606 2328 3686 4,
2362 3605 2448 3682 6,
2481 3607 2627 3670 cit..

474 3700 485 3703 Ἰ
583 3713 701 3794 (4)
743 3715 814 3776 L.
855 3735 926 3776 12
965 3738 1105 3797 pr.,
1140 3718 1209 3777 in
1245 3715 1293 3777 f.
1321 3763 1340 3796 ,
1371 3738 1403 3800 7
1438 3719 1516 3776 D.
1552 3737 1630 3777 20
1655 3761 1671 3791 ,
1702 3713 1743 3792 4
1786 3716 1951 3797 (qui
1974 3692 2218 3801 'pot-ior.
2251 3715 2320 3775 in
2343 3714 2585 3794 PIgn.).

498 3820 677 3899 (vide
730 3833 846 3882 nro.
884 3821 1069 3903 388).
1190 3874 1201 3879 -
2543 3800 2546 3805 '

576 3927 687 4009 (5)
731 3926 798 3988 L.
855 3925 927 3988 18
969 3929 1052 3988 D.
1103 3949 1225 4006 20,
1276 3949 1301 3990 ι
1351 3929 1465 4012 (de
1496 3930 1784 4012 pign..et
1819 3926 2168 4010 hypoth.).
2215 3988 2218 3995 ,

575 4031 686 4115 (6)
728 4033 800 4099 L.
860 4033 968 4114 16,
1007 4035 1160 4119 53,
1196 4039 1277 4100 D.
1314 4037 1451 4100 eod.
1490 4036 1639 4114 tim
1693 4035 1738 4097 l.
1787 4055 1857 4127 ,¹²
1899 4057 2045 4121 pr..v
2080 4032 2114 4117 ᾗ
2147 4054 2223 4118 7,
2250 4032 2334 4099 D·
2376 4032 2590 4107 ciffi&
