2893 4778
713 375 754 387 -.
847 369 1131 452 „mena
1179 368 1234 419 1.
1301 387 1402 408 -—·
1461 365 1622 421 car.
1672 362 1805 421 11?
2075 402 2081 407 -
2256 350 2383 427 181

281 497 696 569 matrimonio
731 507 1097 575 versantur,
1107 506 1192 561 ct
1217 489 1343 588 ipsi
1375 518 1501 587 pro
1530 496 1716 583 justis
1744 493 2072 563 habentur
2105 499 2162 582 (ι
2200 500 2245 585 )·
2231 498 2390 590 Qui

277 627 424 709 post
462 611 748 681 solutum
780 610 1265 677 matrimonium
1301 623 1688 689 nascuntur
1729 631 1767 676 a
1792 612 2036 679 marito
2075 618 2393 704 procreati

278 726 767 820 intelliguntur,
789 725 862 792 si
900 726 1072 792 intra
1111 707 1432 793 decimum
1474 745 1519 792 a
1549 726 1961 794 matrimonio
1990 725 2177 840 finito
2210 752 2398 797 men-

275 869 413 913 sem
456 841 742 912 eduntur
783 845 1857 927 (2)..

371 957 622 1025 Pater
602 979 657 1022 ιε
699 978 827 1021 esse
856 976 1106 1045 semper
1129 954 1541 1046 praesumitur
1562 1003 1579 1033 ,
1614 973 1808 1046 quem
1839 954 2085 1047 nuptiae
2101 952 2415 1023 demons-

277 1083 459 1141 trant
510 1071 625 1155 (3)
663 1121 681 1151 ,
735 1069 856 1135 nisi
903 1066 1383 1136 evidentissimis
1433 1068 1925 1160 probationibus
1972 1070 2347 1138 ostendatur
2371 1113 2424 1153 ,κ

278 1188 591 1256 maritum
626 1184 911 1277 conjugis
955 1206 1085 1250 suae
1135 1182 1488 1252 liberorum
1529 1196 1779 1277 patrem
1818 1206 1948 1250 esse
1993 1208 2128 1253 non
2160 1205 2339 1278 posse
2372 1236 2392 1269 ‚

166 1357 172 1368 .
278 1301 484 1372 veluti
532 1301 686 1393 quia
723 1298 1103 1392 longissimo
1155 1312 1444 1392 tempore
1489 1298 1771 1365 abfuerit
1797 1350 1816 1382 ,
1881 1298 1984 1369 vel
2036 1292 2401 1392 aegrotavess

278 1417 370 1484 rit
398 1415 548 1502 (4).
595 1413 753 1482 Inde
789 1437 922 1482 nec
953 1414 1176 1482 matris
1220 1411 1608 1482 adulterium
1627 1410 1660 1497 ,’
1687 1414 1933 1482 etiamsi·
1971 1426 2197 1510 sponte
2231 1411 2417 1485 illud·

365 1732 600 1814 (1)=L.
651 1730 786 1816 57,
817 1728 966 1814 §1,
993 1732 1074 1796 D.
1125 1732 1249 1809 23,
1281 1733 1478 1814 2(de
1511 1732 1756 1818 nupt..)
1801 1733 2104 1818 Dehujus
2138 1732 2258 1795 loci
2296 1754 2423 1810 ex·-

282 1842 570 1903 tensione
616 1838 996 1921 disputatur.
1069 1837 1149 1899 V.
1192 1839 1272 1901 A.
1306 1839 1558 1921 Cralle,
1603 1843 1770 1903 Diss,
1811 1841 1890 1904 de
1927 1844 2215 1930 portione
2236 1839 2401 1924 legi-

282 1949 439 2008 tima
487 1945 748 2028 (Leodii
791 1945 1152 2029 defensam)
1211 1969 1277 2030 p.
1324 1948 1432 2011 33·
1436 1946 1568 2027 35·
1620 1947 1851 2011 Bonnae
1910 1947 2113 2026 1820,
2155 1947 2243 2010 8.
2287 1948 2401 2009 Jus

285 2057 658 2117 canonicum
721 2054 1066 2138 generalius
1120 2055 1286 2117 hanc
1336 2054 1612 2138 regulam
1670 2055 2101 2133 confirmavit,
2159 2076 2250 2115 cc.
2309 2053 2395 2130 8,

290 2184 359 2224 11
407 2162 609 2241 ι,4,
653 2155 736 2224 Χ.
781 2160 880 2242 4,
938 2185 1033 2248 ι7.
1077 2163 1361 2246 Antiquo
1404 2167 1541 2246 jure
1595 2183 1902 2263 romano,
1957 2183 2097 2223 cum
2139 2161 2395 2222 nonnisi

283 2270 453 2331 inter
482 2274 652 2333 cives
691 2272 928 2352 justum
975 2281 1133 2331 esset
1172 2272 1687 2348 matrimonium,
1728 2269 1948 2352 saepius
1987 2249 2069 2330 ob
2106 2270 2401 2351 ignoran-

281 2378 444 2439 tiam
462 2384 665 2440 status
689 2374 952 2439 alterius
978 2378 1258 2460 conjugis
1281 2376 1538 2467 inutiles
1573 2385 1756 2439 erant
1781 2375 2050 2459 nuptiae,
2086 2365 2398 2457 liberique

287 2482 441 2545 inde
488 2486 622 2547 nati
662 2483 997 2568 illegitimi.
1052 2485 1182 2547 Hos
1227 2507 1340 2569 per
1381 2502 1578 2549 causae
1602 2483 2055 2568 :probationem
2090 2481 2399 2564 legitimos

286 2591 429 2653 fieri
480 2612 706 2674 posse,
751 2592 868 2654 sub
912 2593 1390 2676 imperatoribus
1434 2593 1864 2654 introductum
1904 2602 2018 2657 est.
2075 2589 2262 2672 Cujus
2304 2587 2398 2651 rei

284 2697 609 2776 notitiam,
638 2719 826 2785 quam
852 2720 925 2761 ex
953 2698 1106 2782 Ulp.
1131 2700 1287 2782 frag.
1310 2698 1574 2779 V11‚,4
1608 2702 1915 2782 conjicere
1940 2716 2298 2781 possumus,
2324 2715 2399 2757 ex

287 2802 454 2883 Gaio
479 2803 803 2876 certiorem
832 2802 1165 2880 habemuS,
1211 2804 1263 2865 1.
1303 2802 1332 2885 ξ
1356 2801 1435 2865 65
1464 2816 1526 2866 ct
1557 2826 1686 2888 seq.
1718 2803 1889 2865 Vide
1914 2802 2405 2869 eruditissimam

284 2907 791 2970 dissertationem
816 2908 895 2971 de
936 2931 1131 2972 causae
1165 2910 1581 2993 probatione,
1618 2910 1871 2973 auctore
1907 2908 1985 2971 A.
2011 2908 2401 2971 Bethmann-

286 3013 594 3100 Holweg,
656 3014 1042 3079 Berolinensi
1082 3019 1200 3098 jur.
1251 3018 1429 3079 Prof.
1475 3017 1754 3080 Berolini
1812 3016 2003 3092 1820,
2045 3006 2134 3076 80.

379 3124 486 3204 (2)
513 3122 594 3184 L.
642 3124 725 3201 3,
774 3123 803 3206 §
850 3132 965 3201 ιι,
1002 3124 1084 3185 D.
1140 3122 1259 3202 38,
1305 3125 1378 3188 16
1421 3125 1552 3207 (de
1586 3128 1715 3187 suis
1759 3135 1823 3187 et
1862 3102 2240 3207 legitimis),
2282 3118 2403 3200 14

286 3230 370 3292 C.
415 3232 498 3309 6,
542 3253 621 3317 29
650 3236 670 3313 (
688 3171 766 3294 de
793 3234 1108 3319 posthum.
1136 3235 1350 3298 hered.
1374 3239 1423 3318 ).
1467 3237 1604 3299 Non
1635 3237 1943 3300 contraria
1968 3245 2064 3295 est
2080 3232 2238 3297 Nov.
2266 3233 2395 3314 39,

286 3340 370 3403 C.
401 3360 462 3402 2.
495 3340 577 3401 V.
608 3341 949 3441 Piittmann
978 3343 1261 3429 opuscul.
1294 3338 1597 3430 Sylloge,
1623 3366 1687 3408 ιι.
1738 3363 1851 3422 ιο,
1892 3340 2059 3406 Diss.
2096 3341 2178 3404 de
2194 3348 2397 3426 partu

283 3450 753 3517 undecimestfri.
837 3448 844 3461 ⁴

377 3558 482 3640 (3)
519 3557 593 3620 L.
642 3556 680 3621 5
726 3536 814 3620 D.
856 3578 942 3636 2,
995 3557 1078 3640 4,
1129 3554 1241 3644 (dc
1287 3562 1353 3621 in
1397 3563 1494 3643 jus
1539 3554 1872 3643 vocando).
1925 3543 2128 3621 Filius
2188 3560 2398 3619 autem

287 3686 399 3726 sex
433 3664 752 3726 mensibus
792 3663 1007 3730 saltem
1046 3667 1127 3728 ab
1163 3668 1349 3729 initio
1388 3670 1769 3730 matrimonii
1810 3667 2034 3749 elapsis
2077 3667 2161 3727 sit
2213 3674 2400 3727 natus

283 3795 428 3857 arg.
473 3772 517 3835 l.
567 3795 638 3837 ι2
673 3776 753 3836 D.
791 3774 859 3839 h.
909 3787 957 3838 t.
990 3799 1053 3867 v.
1079 3774 1325 3853 Aliter,
1360 3773 1408 3839 l.
1449 3798 1553 3855 ι2,
1587 3780 2032 3860 interpretatur
2069 3772 2149 3835 A.
2195 3772 2274 3832 G.
2314 3769 2416 3859 A.z

284 3881 526 3944 Becker
562 3884 630 3943 in
667 3894 1007 3945 comment:
1031 3882 1109 3944 de
1135 3895 1320 3967 partu
1350 3886 1726 3968 septimestri
1751 3928 1768 3959 ,
1798 3901 1993 3966 eoque
2021 3881 2239 3968 spurio
2266 3901 2397 3943 non

284 3985 602 4071 legitim03
646 3989 868 4072 Lipsiae
907 3987 1091 4067 1805,
1130 3984 1222 4054 8⁰.

373 4090 488 4178 (4)
530 4091 603 4158 L.
643 4091 689 4159 6
723 4092 806 4158 D.
862 4114 932 4191 ι,
970 4095 1058 4176 6,
1100 4097 1216 4181 (de
1255 4097 1397 4178 his,
1437 4095 1550 4184 qui
1590 4098 1750 4184 sui).
