2893 4778
918 310 921 327 ¹
1000 355 1524 407 xmnonuc‘rro.
1673 384 1683 390 -
2220 332 2312 409 55

202 474 529 543 adhibitus
561 489 690 554 est,
738 478 829 543 iia
852 527 870 556 ,
931 489 1006 541 ut
1058 501 1204 542 cum
1248 476 1688 571 principaliter
1728 478 1812 553 in,
1845 502 1992 545 vera
2041 477 2311 547 lectione

198 588 569 682 indaganda
621 603 1038 681 sequerentur
1073 643 1090 668 ‚
1143 593 1431 683 quamvis
1471 604 1536 657 et
1578 591 1732 658 alios
1779 590 2026 659 codices
2074 618 2310 661 consu-

189 700 415 769 lerent.
483 704 578 770 Hi
634 702 881 770 codices
909 754 929 783 ‚
982 703 1130 771 inde
1180 709 1279 791 jus
1337 705 1720 775 discentibus
1744 757 1761 788 ‚
1818 705 2071 773 inutiles
2118 708 2268 775 facti
2291 764 2308 788 ‚
2403 690 2404 693 Ἴ

190 827 410 908 postea
457 814 781 908 deperditi
824 827 972 884 sunt
1002 845 1020 894 3
1070 827 1136 881 et
1177 817 1235 901 ii)
1277 828 1529 883 tantum
1571 818 1840 899 servati,
1894 820 2010 909 qui
2044 842 2259 885 correo
2267 822 2313 887 ti

196 944 394 998 erant.
413 931 578 999 Inde
611 931 853 1001 factum
877 985 895 1015 ‚
930 945 1003 1000 ut
1020 983 1038 1013 ‚
1069 945 1302 1024 praeter
1325 932 1735 999 florentinum
1762 983 1780 1012 ,
1822 957 2041 1000 omnes
2073 935 2319 1002 codices

198 1046 382 1114 nobis
430 1048 678 1138 cogniti
717 1045 946 1114 saeculo
978 1045 1353 1115 duodecimo
1395 1050 1769 1139 posteriores
1811 1047 1938 1113 sint
1982 1053 2001 1132 (
2028 1071 2050 1114 ι
2074 1054 2117 1132 ).

280 1160 395 1227 Ex
420 1161 771 1228 florentino
809 1159 1026 1228 codice
1068 1161 1508 1252 inscriptiones
1542 1161 2048 1253 fragmentorum
2090 1163 2158 1227 in
2179 1162 2316 1229 edi-

195 1277 484 1343 tionibus
498 1280 784 1369 primum
811 1280 1117 1346 restitutae
1133 1292 1198 1345 et
1215 1279 1536 1346 innumeri
1563 1278 1687 1346 loci
1718 1282 1984 1348 correcti
2009 1294 2156 1361 sunt
2172 1287 2302 1367 (2);

193 1388 387 1483 idque
421 1396 560 1479 jam
604 1394 787 1462 initio
818 1391 1031 1461 saeculi
1067 1391 1301 1459 decimi
1355 1394 1536 1460 sexti.

296 1503 619 1573 Criticam
650 1508 1057 1599 Digestorum
1094 1506 1438 1573 editionem
1477 1507 1721 1598 primus
1763 1507 1915 1575 fecit
1950 1509 2141 1602 Greg.
2182 1509 2322 1586 Ha*⁸

207 1621 476 1692 loander
512 1673 529 1700 ‚
590 1620 1029 1713 Norimbergae
1097 1619 1183 1704 (3
1235 1619 1371 1689 vol.
1438 1620 1568 1704 4t0.
1646 1621 1857 1712 1529)
1911 1625 2025 1715 qui
2087 1638 2317 1715 praeter

206 1752 389 1807 notas
411 1760 499 1803 ex
537 1725 881 1801 florentino
910 1734 1339 1825 manuscripto
1386 1723 1699 1801 desumtas
1722 1788 1740 1816 ‚
1771 1744 1840 1802 et'
1875 1736 2026 1805 alios
2044 1751 2320 1807 vetustos

206 1854 453 1924 viderat
486 1848 750 1916 codices.
794 1849 951 1936 Ejus
988 1848 1183 1915 editio
1224 1847 1630 1915 celeberrima
1675 1849 1840 1917 facta
1869 1864 1978 1918 est.
2014 1853 2154 1944 Ipse
2191 1854 2320 1920 flo-

207 1971 498 2036 rentinus
559 1963 759 2030 codex
815 1976 1026 2029 autem
1078 1965 1421 2033 accuratim
1480 1963 1827 2058 descriptus
1848 2017 1865 2045 ‚
1929 1965 2319 2058 publicatus-

211 2107 335 2174 que
369 2094 462 2147 est
498 2078 839 2144 Florentiae
877 2101 1043 2143 anno
1090 2076 1253 2144 1553
1288 2128 1305 2157 ‚
1358 2077 1396 2143 3
1446 2076 1569 2146 vol.
1620 2077 1727 2145 fol.
1740 2125 1767 2160 ,
1809 2105 1845 2145 a
1889 2079 2083 2147 Laelio
2133 2081 2317 2151 Tau-

208 2193 419 2262 rellio.
470 2193 692 2258 Postea
735 2188 877 2257 fere
908 2215 1125 2257 omnes
1167 2188 1438 2257 editores
1483 2195 1916 2259 recensionem
1968 2195 2137 2260 hanc
2188 2201 2323 2282 ejus
2355 2188 2359 2193 ’

215 2308 593 2375 auctoritate
621 2305 781 2371 moti
809 2304 1247 2398 principaliter
1283 2306 1479 2371 secuti
1524 2317 1672 2372 sunt
1738 2329 1935 2399 usque
1985 2307 2066 2374 ad
2108 2294 2323 2377 nostra

215 2438 530 2515 tempora.
590 2421 947 2491 Praesertim
1010 2423 1169 2490 Ant.
1231 2421 1501 2488 Contius
1552 2421 1900 2490 multarum
1968 2423 2326 2496 editionum

213 2549 441 2606 auctor
487 2560 628 2601 eam
685 2536 971 2603 servavit.
1023 2535 1376 2603 Novissima
1419 2539 1555 2623 ejus
1608 2535 1805 2604 editio
1879 2527 1977 2604 est
2024 2590 2040 2619 ‚
2128 2560 2324 2633 quam

216 2652 311 2720 H.
385 2649 681 2717 Gebauer
743 2647 1067 2738 Gottingae
1128 2648 1479 2739 publicavit
1513 2702 1531 2731 ,
1600 2651 1803 2741 1776,
1858 2649 1951 2735 4⁰.
2001 2651 2140 2738 (3).

304 2761 500 2830 Initio
532 2759 745 2828 saeculi
791 2759 1021 2828 decimi
1059 2763 1266 2829 octavi
1300 2814 1316 2842 ,
1360 2763 1840 2850 jurisconsultus
1874 2747 2138 2833 batavus
2171 2791 2319 2835 eru-

218 2876 560 2947 ditissimus
630 2875 945 2943 Hem-icus
995 2876 1400 2945 Brencmann
1416 2928 1433 2957 ‚
1509 2876 1720 2945 denuo
1775 2878 1958 2947 hunc
2013 2878 2320 2950 Codiceni

300 3195 384 3280 (1)
417 3197 670 3257 Cramer
685 3236 710 3270 ,
732 3196 828 3257 ed.
850 3196 1013 3256 tituli
1030 3196 1106 3257 de
1130 3196 1287 3258 verb.
1314 3199 1535 3277 signif.
1565 3198 1752 3262 Kiliae
1773 3198 1877 3261 181
1897 3221 1919 3261 1
1940 3248 1958 3277 ,
1986 3222 2053 3283 p.
2092 3199 2187 3262 13.
2212 3201 2316 3265 Sa·-

221 3304 437 3386 vigny,
453 3304 672 3362 Gesch.
693 3301 799 3362 des
818 3303 1026 3363 Roem.
1050 3304 1269 3366 Rechts
1287 3306 1375 3365 im
1395 3305 1714 3367 Mittelalc.
1726 3307 1801 3367 T.
1825 3309 1911 3382 ΙΙ,
1926 3328 1990 3388 p.
2029 3306 2177 3391 147-
2190 3330 2210 3368 1
2224 3309 2323 3371 50.

222 3408 716 3471 Controversiam
741 3388 945 3471 'totam
998 3411 1247 3492 exponit
1301 3413 1536 3492 optime
1590 3412 2029 3498 spangenberg
2047 3458 2065 3489 ‚
2118 3412 2164 3476 l.
2205 3436 2259 3475 c.
2291 3463 2316 3490 ,

222 3536 285 3598 p.
337 3513 633 3593 405-426.
700 3514 1041 3578 Novissime
1099 3517 1326 3577 iterum
1349 3498 1356 3506 ⁸
1382 3516 1651 3602 Savigny
1688 3566 1707 3595 ‚
1771 3518 1817 3582 l.
1885 3541 1943 3583 c.
1972 3565 1993 3598 ,
2057 3529 2106 3582 t.
2158 3521 2256 3584 111
2281 3561 2313 3596 -,

225 3641 289 3703 p.
336 3618 408 3698 4¹
429 3617 619 3702 1-449
637 3668 656 3696 ,
710 3619 838 3682 haec
885 3620 1221 3685 clarissima
1267 3622 1404 3685 luce
1445 3623 1742 3690 illustrat.
2321 3635 2327 3658 ³

303 3750 404 3834 (α)
446 3753 596 3814 Ant.
633 3752 1014 3835 Augustinus
1054 3757 1390 3837 praescrtim
1426 3759 1493 3817 in
1542 3758 1941 3842 opinionibus
1999 3769 2063 3819 et
2104 3780 2314 3822 emen-

225 3855 571 3920 dationibus
620 3860 748 3917 suis
790 3856 1098 3938 praeclaris
1146 3856 1370 3919 multas
1426 3857 1623 3920 edidit
1668 3860 2094 3924 correctiones.
2146 3863 2310 3929 Vide

227 3983 324 4024 eas
361 3965 429 4025 in
462 3963 786 4028 Thesauro
825 3962 1076 4026 Ottonis
1105 4011 1122 4041 ‚
1174 3974 1325 4026 tom.
1361 3963 1483 4037 IV,
1525 3986 1584 4048 p.
1634 3962 2038 4046 1425-1558.

304 4095 401 4177 (3)
427 4094 911 4180 Accuratissime
933 4057 1063 4160 haec
1077 4106 1301 4160 tractat
1317 4096 1561 4159 Berriat
1577 4095 1860 4158 st.-Prix
1876 4140 1897 4175 ,
1910 4117 1977 4183 p.
2010 4096 2307 4162 252-260.
