2893 4778
821 313 1078 364 mmm
1128 314 1183 361 1.
1232 328 1329 344 --
1380 310 1539 362 cAP.
1592 309 1692 363 1v.
2190 294 2331 399 257·

182 455 405 511 nostro
467 448 621 532 agat
678 448 940 530 oportet
999 448 1309 530 tanquam
1368 446 1752 530 procurator
1829 437 1944 526 (1)
1995 434 2099 507 vel
2149 452 2327 511 tutor

182 570 530 627 curatorve
582 559 727 639 (2).
2242 575 2248 582 ’

270 672 345 737 b.
393 670 612 737 Debet
653 678 870 737 autem
911 665 1045 734 hic
1062 661 1459 759 corporalem
1506 665 1990 760 apprehendere
2028 670 2125 736 rei
2160 677 2321 763 pos-

182 790 531 854 sessionem
557 835 575 865 ,
634 805 771 850 non
804 782 1017 848 minus
1078 805 1151 848 ac
1196 783 1250 848 si
1302 806 1422 850 suo
1477 783 1742 850 nomine
1808 782 2130 876 possidere
2180 786 2326 855 vel-

180 905 271 973 let
303 900 448 987 (3).
483 899 714 991 Neque
745 920 899 966 vero
955 894 1210 964 domini
1252 897 1514 977 animo,
1563 896 1674 965 sed
1726 899 2083 967 intentione
2132 897 2323 968 alteri

181 1014 641 1107 possessionem
682 988 1057 1100 acquirendi
1110 1018 1221 1075 aut
1262 1007 1632 1091 exercendi,
1686 1008 1758 1078 id
1813 1010 2002 1079 faciat
2031 1024 2320 1106 oportet·
2303 1060 2325 1099 ,

176 1126 368 1222 quod
397 1129 453 1193 si
477 1125 653 1191 enim
686 1123 807 1190 sihi
833 1113 1152 1215 possidere
1182 1124 1558 1204 constituit,
1600 1125 1732 1217 ipse
1761 1147 2071 1217 possessor
2112 1127 2187 1195 fit
2205 1128 2323 1215 (4).

183 1245 344 1311 Uno
374 1239 585 1309 solum
617 1238 814 1307 modo
860 1241 932 1305 in
978 1263 1132 1309 casu
1187 1240 1318 1332 ipse
1359 1237 1683 1332 possidere
1734 1242 1997 1333 cupiens
2048 1239 2323 1310 nilomi-

185 1382 310 1426 nus
329 1355 517 1423 alteri
540 1355 989 1447 possessionem
1029 1353 1353 1446 acquirit,
1395 1352 1658 1446 quando
1688 1353 1984 1423 scilicet
1964 1379 2065 1436 ιε,
2109 1381 2148 1424 a
2178 1381 2324 1449 quo

182 1497 326 1540 rem
398 1470 682 1563 accepit,
758 1492 895 1539 non
962 1491 1083 1560 pro
1157 1469 1339 1561 ipso,
1410 1467 1520 1537 sed
1587 1492 1709 1561 pro
1773 1467 1901 1537 alio
1968 1494 2110 1539 eam
2177 1484 2325 1539 tra-
2373 1482 2376 1486 ’

187 1587 431 1654 diderit
485 1583 632 1669 (5).

285 1728 308 1768 1
323 1725 429 1768 20.
476 1700 538 1766 Is
578 1696 857 1790 denique
909 1704 1086 1787 cujus
1116 1696 1377 1765 nomine
1427 1701 1729 1791 possessio
1777 1689 2281 1794 apprehenditur
2295 1751 2316 1787 ,

191 1822 322 1912 ipse
361 1816 660 1885 animum
702 1838 840 1881 rem
884 1807 1036 1879 sibi‘
1058 1812 1431 1906 acquirendi
1481 1814 1714 1881 haheat
1734 1859 1773 1897 ,ν
1798 1828 2073 1909 oportet.
2120 1814 2313 1884 Unde

191 1956 308 2026 per
364 1953 522 1995 eum
585 1927 702 2018 qui
765 1927 1026 2018 negotia
1049 1997 1054 2006 ,
1074 1924 1259 1993 nobis
1308 1927 1748 2017 ignorantibus
1782 1921 1969 2019 'gerit
1989 1979 2006 2007 ‚
2072 1925 2318 2020 posses—-

192 2048 439 2111 sionem
466 2065 605 2107 non
621 2061 624 2066 ¹
643 2042 1031 2132 acquirimus
1053 2090 1071 2120 ,
1110 2039 1235 2105 nisi
1271 2039 1407 2127 ejus
1445 2032 2017 2132 apprehensionem
2052 2061 2314 2135 compe-⁴

194 2160 467 2225 terimus
513 2166 851 2245 ratamque
889 2152 1306 2219 habuerimus
1348 2157 1477 2239 (6).
1518 2152 1739 2243 Quare
1777 2154 2015 2223 dicitur
2056 2182 2075 2222 ε
2121 2186 2152 2216 «ι
2204 2158 2315 2248 Ig-

195 2272 573 2341 norantibus
616 2269 806 2337 nobis
846 2270 1294 2361 possessionem
1329 2292 1465 2338 non
1504 2271 1768 2362 acquiri.
1817 2300 1848 2330 n
1899 2275 2041 2361 (7).

279 2387 484 2481 Quod
519 2388 575 2455 si
603 2396 754 2457 vero
791 2386 927 2454 haec
959 2384 1253 2455 voluntas
1288 2385 1475 2457 nobis
1520 2388 1601 2454 sit
1629 2439 1646 2468 ,
1703 2386 2022 2479 possidere
2066 2391 2307 2483 incipi—

195 2528 329 2573 mus
363 2505 583 2573 statim
602 2554 621 2586 ,
658 2527 733 2571 ac
750 2499 928 2571 ‘alter'
952 2503 1213 2569 nomine
1232 2513 1452 2572 nostro
1481 2494 1912 2574 detentionem
1953 2504 2049 2570 rei
2086 2518 2310 2575 nactus

267 2853 385 2932 (ι)
426 2848 501 2910 L.
543 2845 617 2927 41
646 2893 664 2923 ,
706 2847 785 2909 D.
810 2843 886 2924 41
915 2892 933 2923 ,
960 2846 999 2908 3
1029 2844 1391 2929 (deusurp.
1415 2845 1753 2925 etusuc.),
1779 2842 1830 2904 l.
1870 2862 1895 2906 ι
1928 2890 1946 2922 ,
1985 2841 2159 2923 (3.4,
2190 2862 2303 2931 27,

197 2962 356 3039 (per
383 2976 542 3039 quas
574 2956 900 3038 person.);
921 2952 967 3017 l.
1006 2973 1028 3014 1
1060 2997 1078 3029 ,
1108 2951 1179 3013 C.
1217 2950 1286 3014 h.
1308 2963 1355 3015 t.
1393 2951 1855 3036 Antiquissimo
1880 2954 2019 3034 jure
2041 2970 2308 3017 romano

193 3084 308 3146 per
345 3062 614 3123 liberam
636 3080 969 3143 personam
997 3059 1299 3143 possessio
1334 3060 1578 3143 acquiri
1618 3079 1749 3123 non
1789 3060 2155 3144 potuit.Gaj.
2191 3060 2253 3123 11
2275 3097 2308 3137 ,

191 3168 225 3252 §
263 3167 393 3252 953
434 3188 504 3227 v.
555 3166 834 3248 Savigny
891 3185 957 3247 p.
994 3162 1302 3248 ,asta-275.

269 3276 376 3353 (2)
419 3272 492 3333 L.
543 3270 690 3353 1,§
734 3289 857 3346 20,
900 3271 981 3330 D.
1029 3266 1096 3328 h.
1145 3276 1197 3328 t.

274 3377 395 3461 (3)
440 3378 513 3438 L.
565 3397 645 3453 1,
685 3375 715 3458 §
755 3396 845 3458 9,
897 3394 1017 3451 ιο,
1056 3374 1139 3435 D.
1183 3370 1336 3436 h.t.

266 3478 387 3565 (4)
428 3482 504 3547 L·
553 3502 620 3560 ¹2
670 3479 701 3565 ς
752 3500 868 3564 Ῑ9,
922 3499 1002 3542 2⁰
1038 3525 1060 3560 θ
1101 3478 1192 3542 fl).

263 3591 392 3672 (5)
435 3590 513 3651 L.
564 3591 637 3651 13
660 3636 679 3666 ‚
704 3588 787 3649 D.
842 3588 923 3671 39
953 3633 974 3666 ‚
1027 3585 1066 3647 5
1092 3632 1122 3660 ,.
1157 3581 1278 3667 (de
1301 3581 1784 3666 donationibus)
1813 3600 1835 3663 3
1865 3603 1934 3645 v.
1980 3580 2259 3664 Savigny
2282 3608 2307 3663 ,-¹

177 3719 248 3780 Ρ.
301 3696 473 3774 2653
513 3715 644 3757 non
663 3693 870 3757 obstat
897 3691 941 3755 l.
981 3693 1086 3777 37,
1131 3690 1161 3776 ᾖ
1195 3690 1280 3770 6,
1325 3693 1408 3752 D.
1441 3690 1579 3771 4ι,’
1609 3712 1633 3754 1
1668 3738 1687 3770 ,
1742 3700 1909 3754 recte
1959 3688 2300 3755 intellecta.

262 3825 389 3911 (6)
431 3826 504 3887 L.
552 3823 757 3908 42,§
815 3844 885 3901 1,
939 3824 1021 3886 D.
1060 3820 1127 3883 h.
1181 3831 1231 3885 t.
1282 3819 1553 3899 Paulus,
1605 3820 1651 3880 1.
1701 3840 1756 3881 ο.
1801 3819 1834 3902 §
1873 3840 1932 3882 α.

260 3961 384 4043 (7)
425 3957 578 4042 Arg.
622 3955 908 4023 locorum
953 3956 1021 4019 in
1071 3965 1221 4020 nota
1279 3938 1653 4039 praecedenti
1709 3925 2068 4014 citatorum.

1880 4160 1963 4236 ¹7
