2893 4778
548 264 694 354 428
892 292 1405 342 coMMssmrAan
1433 294 1637 342 smus
1688 292 1971 344 nomm
2023 293 2342 343 PRIVATI.

547 412 916 480 dominium
962 427 1028 481 et
1070 415 1519 506 possessionem
1565 414 1791 507 praedii
1844 377 2232 485 doininantis
2284 421 2358 501 (1
2384 420 2451 499 );
2495 414 2655 484 adeo

547 541 658 609 ut,
702 554 851 596 cum
886 531 1010 596 toti
1048 527 1290 621 praedio
1330 528 1689 604 dominanti
1724 544 2084 622 competens
2125 530 2349 597 haberi
2382 528 2616 596 debeat
2633 581 2651 609 ,

544 644 736 709 etiam
780 642 863 709 ad
896 668 1001 710 eos
1039 645 1360 736 pertinere
1382 645 1703 736 incipiat,
1755 647 1868 737 qui
1904 657 2155 737 partem
2197 657 2449 712 tantum
2486 642 2666 709 illius

539 756 860 847 possident
903 763 1044 842 (2).

636 873 793 937 288.
846 871 943 955 40.
999 873 1285 941 Servitus
1330 898 1367 939 a
1419 885 1560 942 toto
1613 871 1816 940 fundo
1862 885 2125 940 onerato
2179 870 2445 938 debetur
2502 870 2657 954 (3),

543 986 740 1050 etiam
789 990 843 1051 si
882 1011 1015 1055 non
1063 990 1183 1053 nisi
1240 989 1313 1052 in
1364 1010 1496 1052 una
1553 986 1833 1073 ejusdem
1882 985 2197 1078 particula
2254 999 2649 1052 exerceatur.

543 1098 729 1166 Illam
780 1125 932 1169 vero
984 1103 1052 1170 in
1095 1100 1360 1169 definito
1406 1100 1547 1168 loco
1568 1153 1584 1181 ‚
1649 1101 1761 1166 ubi
1819 1100 1946 1168 hoe
2010 1103 2353 1166 minimum
2424 1097 2651 1190 praeclii

544 1212 806 1281 domino
856 1229 1046 1282 nocet
1069 1262 1096 1296 ,
1155 1229 1222 1282 et
1267 1240 1516 1308 semper
1563 1214 1788 1281 eodem
1850 1214 2044 1282 modo
2090 1215 2368 1282 exerceri
2417 1212 2651 1279 debere
2712 1301 2721 1304 -

545 1350 624 1392 ex
646 1329 720 1392 iis
746 1330 1063 1419 sequitur,
1102 1329 1278 1421 quod
1308 1354 1499 1421 supra
1518 1328 1594 1396 de
1630 1331 2012 1399 servitutum
2040 1341 2269 1396 natura
2294 1328 2651 1419 generatim

542 1443 1030 1510 observavimus
1058 1449 1185 1527 (n0.
1224 1443 1350 1509 285
1374 1495 1408 1528 ,⁸
1450 1443 1724 1528 medio).

633 1557 692 1623 E
736 1555 989 1649 regula,
1016 1557 1169 1623 huic
1197 1556 1480 1649 eligendi
1502 1557 1768 1623 facultas
1798 1557 2107 1650 competit
2138 1607 2163 1636 ,
2211 1580 2337 1647 qua
2359 1557 2440 1621 ‚in
2464 1552 2653 1620 fundi

541 1672 639 1737 sui
675 1673 935 1763 regione
971 1672 1290 1742 servitutis
1332 1695 1481 1737 usus
1514 1670 1653 1737 fieri
1689 1670 1913 1739 debeat
1953 1670 2093 1756 (4).

637 1784 730 1850 50.
774 1786 879 1853 Ex
917 1809 994 1851 eo
1039 1785 1214 1877 quod
1246 1789 1514 1858 ,servitus
1552 1786 1633 1851 ab
1672 1788 1808 1877 ipso
1857 1783 2059 1851 fundo
2110 1782 2379 1850 debetur
2418 1806 2537 1847 nec
2578 1783 2648 1846 in

541 1895 835 1966 faciendo
878 1902 1210 1966 consistere
1250 1901 1446 1992 possit
1467 1952 1484 1981 ,
1541 1901 1733 1968 etiam
1778 1897 1885 1965 illa
1934 1896 2157 1988 regula
2200 1895 2432 1964 deduci
2467 1919 2646 1987 posse

542 2011 832 2092 videtur,
873 2038 1002 2102 qua
1037 2014 1364 2081 servitutes
1392 2026 1768 2106 perpetuam
1809 2037 2069 2079 causam
2099 2013 2336 2078 habere
2367 2009 2597 2077 debere
2620 2060 2639 2089 ,

541 2128 909 2217 praecipitur
941 2127 1057 2211 (5).
1089 2126 1322 2192 Praedii
1349 2128 1675 2196 servientis
1713 2129 1889 2192 enim
1924 2128 2061 2193 haee
2097 2126 2285 2191 debet
2320 2149 2445 2190 esse
2477 2149 2640 2188 con-

540 2240 704 2308 ditio
720 2292 736 2322 ,
760 2256 833 2309 ut
859 2244 1265 2311 commodum
1284 2244 1571 2311 durabile
1601 2258 1666 2313 et
1691 2260 2069 2339 perpetuum
2089 2259 2379 2336 praestare
2405 2245 2632 2336 possit,

541 2358 703 2449 quin
737 2355 1032 2424 dominus
1073 2357 1238 2425 illius
1275 2353 1357 2426 ed
1395 2355 1748 2457 quidquam
1787 2359 2152 2428 faciendum
2185 2361 2332 2455 cogi
2377 2357 2601 2425 debeat
2621 2408 2640 2437 ,

543 2496 672 2565 quo
713 2470 892 2539 alteri
935 2475 1234 2542 servitute
1273 2476 1370 2541 uti
1410 2473 1600 2540 liceat
1640 2474 1750 2559 (6).

625 2692 736 2776 (1)
780 2693 851 2753 L.
896 2696 1015 2771 23,
1052 2692 1094 2777 §
1124 2714 1159 2755 2
1185 2742 1202 2771 ,
1241 2693 1286 2755 l.
1330 2693 1445 2766 36,
1476 2697 1553 2756 D.
1582 2693 1623 2755 8
1648 2742 1665 2770 ,
1696 2696 1732 2755 3
1757 2743 1775 2773 ‚
1820 2696 1940 2774 (de
1979 2717 2140 2759 serv.
2170 2695 2357 2778 praed'.
2393 2685 2637 2765 rus't.)3

542 2799 590 2860 l.
639 2820 757 2875 12,
806 2802 883 2861 D.
923 2799 1011 2877 8,
1059 2799 1140 2878 4,
1194 2801 1432 2882 cit-31.
1485 2824 1595 2880 20,
1643 2802 1671 2884 §
1720 2823 1741 2862 1
1776 2849 1795 2880 ,
1841 2805 1920 2864 D.
1957 2801 2073 2881 41,
2137 2826 2159 2864 1
2197 2850 2217 2879 ,
2263 2802 2389 2881 (de
2432 2800 2634 2883 aquir.

540 2931 664 2971 rer.
705 2910 1016 2988 domim).

625 3017 734 3100 (2)
779 3017 847 3076 L.
898 3018 1016 3093 23,
1060 3016 1089 3099 §
1140 3019 1218 3093 3,
1256 3018 1399 3097 cit.;
1436 3017 1478 3077 l.
1526 3014 1637 3092 25,
1676 3019 1756 3079 D.
1802 3018 1937 3078 eod.
1974 3038 1993 3096 3
2033 3017 2077 3077 l.
2119 3017 2190 3091 6,
2241 3016 2271 3098 §
2329 3038 2349 3075 1
2384 3016 2512 3089 ,D.
2562 3011 2639 3085 8,

540 3122 625 3207 6,
677 3125 1137 3207 (quemadmod.
1181 3127 1395 3185 servit.
1445 3126 1851 3204 amittunt.)3
1898 3124 1954 3185 1.
2012 3146 2034 3186 1
2065 3172 2082 3201 ,
2132 3125 2160 3207 §
2214 3123 2286 3184 16
2315 3171 2331 3198 ,
2378 3124 2458 3182 D.
2515 3120 2640 3200 43,

544 3258 620 3297 2ο
657 3235 807 3314 (tit.
856 3236 960 3292 cit.
991 3234 1034 3311 ).
1377 3241 1389 3251 “
2478 3206 2485 3223 k

623 3343 731 3422 (3)
775 3341 838 3400 Si
866 3359 1016 3401 vero
1051 3340 1116 3397 in
1162 3336 1469 3421 destinata
1507 3349 1683 3420 parte
1713 3359 1994 3399 concessa
2028 3337 2108 3396 sit
2140 3338 2406 3421 servitos
2427 3382 2443 3410 ,
2472 3344 2641 3393 totus

539 3448 770 3511 fundus
801 3467 925 3506 non
964 3446 1175 3505 servit.
1209 3446 1276 3505 L.
1324 3466 1394 3516 21
1428 3493 1446 3521 ,
1473 3445 1554 3506 D.
1586 3443 1626 3505 8
1640 3485 1666 3519 ,
1706 3448 1741 3506 3
1769 3493 1785 3519 ,
1821 3445 1942 3522 (de
1972 3460 2133 3506 serv.
2167 3442 2361 3526 praed.
2404 3451 2559 3503 rust.
2583 3444 2636 3514 ).

623 3552 729 3637 (4)
773 3554 843 3612 L.
883 3551 999 3625 26,
1054 3550 1172 3627 28,
1221 3553 1299 3611 D.
1358 3548 1440 3626 8,
1498 3552 1576 3628 3,
1632 3550 1766 3631 (tit.
1804 3552 1982 3623 cit.).

624 3660 734 3742 (5)
775 3657 844 3718 L.
886 3655 1002 3733 28,
1045 3657 1123 3713 D.
1167 3653 1246 3728 8,
1289 3674 1368 3728 2,
1408 3653 1530 3733 (de
1568 3676 1726 3716 serv.
1764 3655 1953 3736 praed.
2004 3654 2188 3730 urb.)
2220 3674 2241 3733 3
2277 3652 2321 3713 l.
2378 3675 2399 3713 1
2434 3701 2450 3728 ,
2498 3652 2527 3735 ᾗ
2567 3651 2641 3727 5,

539 3771 617 3830 D.
667 3765 786 3846 43,
823 3786 929 3837 20,
970 3763 1123 3839 (tit.
1165 3763 1271 3820 cit.
1305 3760 1450 3838 );l.
1503 3783 1523 3821 x
1562 3762 1641 3843 ,§
1682 3759 1722 3839 4
1750 3809 1766 3835 ,
1797 3763 1875 3821 D.
1916 3761 1992 3838 43
2024 3808 2040 3836 ,
2087 3781 2198 3835 22,
2231 3760 2361 3838 (de
2399 3760 2634 3835 fonte).

622 3871 727 3954 (6)
772 3870 1106 3951 Benignius
1144 3866 1263 3927 hoc
1295 3879 1677 3949 praeceptunr
1704 3867 2099 3948 interpretari
2127 3865 2327 3926 solent
2357 3868 2424 3924 in
2450 3866 2643 3926 servi-

537 3979 776 4040 tutibus
797 3994 966 4057 aquae
985 3974 1370 4051 hauriendae3
1403 3973 1445 4033 l.
1475 3995 1538 4058 9,
1561 3976 1638 4033 D.
1665 3972 1728 4048 8,
1751 3976 1808 4046 3,
1839 3975 1950 4053 (de
1977 3975 2188 4034 servit.
2214 3970 2401 4053 praed.
2421 3973 2636 4051 τηεμ),

538 4086 582 4147 l.
619 4106 657 4149 2
684 4132 700 4161 ,
740 4086 818 4144 D.
855 4083 936 4159 8,
980 4078 1053 4159 4,
1103 4082 1492 4162 (communia
1535 4079 1832 4162 servit.);
1879 4079 2122 4153 Glizck,
2160 4098 2295 4160 pag.
2332 4070 2571 4136 36-51.
