2893 4778
529 273 636 376 76
868 273 1631 351 comum-maumam
1685 288 1971 350 nomm
2022 277 2344 350 rmvxrti

517 438 862 527 peratore&
924 425 1297 490 Ceterarum
1344 425 1683 490 nationum
1744 426 2253 517 germanicarum
2305 439 2663 494 consuetu-

522 539 701 605 dines
721 551 1049 631 sequentes
1066 588 1082 619 ‚
1111 536 1348 630 duplici
1374 542 1514 625 jure
1556 539 1654 604 uti
1692 537 1975 605 subditos
1996 536 2140 606 suos
2178 538 2271 605 illi
2307 540 2609 608 volebant
2634 591 2655 623 ‚

519 637 839 720 Romanos
883 675 1145 717 romana
1190 702 1208 732 ,
1265 650 1721 742 Longobardos
1771 652 2043 718 barbara
2088 657 2206 734 (ut
2257 656 2655 739 vocabatur)

520 758 659 853 lege
698 768 807 848 (1).
851 766 1055 833 Vetus
1095 766 1598 858 municipiorum
1634 765 1795 832 ordo
1828 765 1986 833 adeo
2018 781 2423 856 conservatus
2458 767 2653 836 fuisse

519 879 813 961 videtur,
870 895 935 948 et
973 881 1055 949 ad
1102 907 1396 950 normam
1440 907 1690 975 semper
1732 884 2129 951 observatam
2183 888 2322 972 jure
2375 910 2652 953 romano

521 995 687 1063 cives
722 997 1006 1087 regebat.
1049 996 1392 1090 Postquam
1446 1010 1582 1064 tota
1623 995 1805 1064 Italia
1847 980 2290 1091 Longobardis
2330 1012 2394 1066 et
2431 1011 2657 1096 postea

523 1106 785 1196 Francis
823 1123 960 1176 erat
1001 1111 1281 1198 subjecta
1310 1162 1328 1190 ,
1366 1110 1539 1177 idem
1584 1136 1834 1204 semper
1885 1113 2377 1194 observabatur,
2424 1127 2495 1181 ut
2535 1140 2662 1180 na-

522 1223 697 1290 tione
744 1227 1067 1291 Romanus
1120 1250 1385 1291 romana
1405 1277 1422 1306 ‚
1484 1227 1793 1292 barbarus
1837 1228 2110 1294 barbara
2155 1230 2399 1296 viveret
2442 1228 2586 1323 lege
2625 1285 2644 1313 ,

519 1350 586 1404 et
628 1336 948 1431 litigantes
978 1351 1162 1405 antea
1201 1339 1655 1431 profiterentur
1692 1366 1908 1407 coram
1939 1341 2256 1430 judicibus
2283 1395 2299 1423 ‚
2342 1368 2475 1435 quo
2505 1350 2657 1432 jure

518 1439 972 1519 controversias
1013 1476 1152 1518 suas
1193 1451 1404 1519 decidi
1446 1453 1904 1521 desiderarent.
1949 1453 2277 1521 Generalis
2310 1456 2446 1521 haec
2485 1457 2652 1542 juris

515 1565 979 1659 professionum
1017 1565 1409 1633 consuetudo
1451 1592 1649 1659 usquc
1691 1567 1773 1634 ad
1815 1567 2118 1635 saeculum
2154 1568 2282 1634 ΧΠ
2316 1571 2644 1660 substitit3

524 1680 729 1747 donec
779 1679 1053 1747 confusis
1112 1681 1407 1773 gentibus
1467 1672 1727 1749 diversis
1757 1733 1774 1761 ‚
1839 1708 1969 1748 una
2024 1695 2277 1749 tantum
2341 1685 2644 1751 existeret

522 1791 721 1864 natio.
763 1797 1126 1865 Nilominus
1149 1850 1167 1879 ,
1211 1800 1400 1865 certis
1439 1800 1510 1867 in
1540 1801 1944 1894 regionibus,
1983 1800 2222 1866 saeculis
2256 1798 2466 1866 adhuc
2487 1800 2656 1866 XIII

526 1896 591 1978 et
618 1912 779 1978 XIV
810 1913 1267 2006 professionum
1296 1912 1592 2006 exempla
1619 1917 2039 1982 inveniuntur
2074 1921 2273 1997 (anno
2303 1940 2323 1979 1
2341 1916 2500 1999 388)
2535 1919 2656 1998 (2).

541 2023 544 2026 “
615 2028 849 2120 Ingens
884 2053 1189 2100 numerus
1231 2030 1743 2096 testimoniorum
1782 2031 1937 2116 juris
1982 2021 2233 2096 romani
2283 2041 2347 2094 et
2378 2050 2661 2122 praeser-

522 2145 642 2210 tim
678 2131 1056 2211 Iustinianei
1087 2168 1270 2210 usum
1302 2144 1550 2236 probat.
1590 2141 1859 2210 Accedit
1899 2141 2074 2237 quod
2100 2141 2312 2210 clerici
2348 2193 2368 2221 ‚
2417 2143 2656 2233 quibus

524 2253 596 2325 in
633 2258 1091 2350 imperatorum
1128 2251 1416 2325 veterum
1440 2308 1459 2338 ,
1507 2271 1574 2326 et
1615 2258 1966 2350 praesertim
2009 2251 2350 2324 Justiniani
2402 2256 2653 2322 consti-

524 2367 875 2440 tutionibus
928 2372 1127 2439 multa
1182 2370 1521 2466 privilegia
1568 2385 1749 2439 erant
1804 2397 2091 2438 concessa
2118 2423 2135 2451 ‚
2182 2375 2319 2458 jure
2375 2395 2650 2437 romano

523 2499 871 2553 uterentur.
913 2486 1198 2553 Maxime
1246 2485 1545 2553 Novellas
1582 2486 2051 2581 sequebantur,
2101 2484 2449 2553 secundum
2498 2485 2653 2577 epi-

527 2612 747 2667 tomen
792 2626 829 2664 a
876 2599 1136 2666 Iuliano
1188 2599 1424 2668 factam
1475 2600 1584 2686 (3).
2216 2660 2222 2667 .

615 2713 789 2779 Juris
819 2711 1034 2779 schola
1071 2737 1326 2808 quoque
1371 2739 1409 2778 a
1435 2712 1799 2780 Justiniano
1838 2711 2105 2780 fundata
2143 2737 2262 2807 per
2301 2736 2491 2780 omne
2518 2711 2655 2779 hoc

528 2839 774 2920 tempus
829 2826 1078 2892 durasse
1132 2823 1387 2893 videtur
1406 2878 1423 2907 ‚
1473 2828 1804 2895 Ravennas
1859 2825 2161 2896 translata
2211 2841 2278 2894 et
2334 2827 2651 2894 Bononiae

524 2954 743 3035 postea
786 2941 1073 3021 restituta
1122 2939 1233 3026 (4).
1273 2940 1574 3034 Superest
1619 2941 1897 3036 denique
1942 2965 2101 3034 opus
2156 2942 2653 3008 Institutionum

2481 3058 2501 3085 x

613 3234 699 3315 (ι)
740 3234 1041 3296 Probavit
1064 3233 1194 3297 haec
1221 3235 1522 3314 savigny,
1552 3231 1596 3294 l.
1616 3255 1690 3297 c.
1720 3235 1798 3298 Τ.
1829 3235 1914 3296 11.
1941 3233 2044 3298 ch.
2067 3233 2241 3299 XIV.
2260 3255 2323 3316 p.
2364 3230 2652 3316 197460.

538 3384 541 3389 -
615 3344 700 3423 (2)
741 3344 1045 3424 Savigny,
1085 3342 1129 3404 l.
1161 3363 1216 3406 c.
1253 3365 1318 3426 p.
1352 3339 1660 3417 123-138,
1710 3351 1793 3403 et.
1825 3341 2306 3425 Spangenberg,
2331 3362 2394 3422 p.
2417 3337 2649 3422 95-98.

528 3447 738 3511 Romae
787 3448 906 3511 sub
948 3447 1245 3509 Lothario
1283 3448 1535 3508 licentia
1581 3448 1745 3535 data.
1773 3449 1997 3529 cuique
2034 3466 2159 3528 qua
2204 3444 2339 3528 lege
2381 3444 2656 3527 judicari

529 3556 740 3622 vellet.
784 3555 867 3616 Et
901 3554 1086 3636 Papae
1131 3564 1195 3617 et
1237 3556 1651 3638 Imperatores
1693 3564 1966 3619 veterem
2008 3563 2243 3617 statum
2279 3551 2645 3613 servabant.

532 3659 594 3754 S.
645 3686 707 3746 p.
755 3661 1053 3746 193-196.
1429 3750 1436 3753 .

612 3772 700 3850 (3)
741 3772 833 3830 De
877 3791 995 3831 usu
1034 3770 1191 3851 juris
1232 3772 1478 3832 romani
1525 3767 1692 3856 apud
1737 3768 1996 3831 clericos
2045 3760 2348 3830 latissime
2391 3765 2655 3828 disserit

531 3874 844 3955 Savigny,
889 3886 937 3936 t.
985 3875 1059 3936 11.
1098 3874 1200 3935 ch.
1239 3874 1379 3938 XV.
1423 3896 1488 3959 p.
1524 3874 1827 3959 261-294.
1876 3875 2180 3957 Compara
2212 3873 2450 3935 indices
2474 3872 2660 3954 apud

532 3981 816 4043 eumdem
845 4028 864 4059 ‚
895 4005 957 4065 p.
995 3979 1299 4061 4⁰0³·418·
1346 3983 1510 4043 Sunt
1541 3980 1715 4047 mille
1755 3982 2112 4044 testimonia
2157 3981 2249 4042 ibi
2285 3979 2586 4042 exhibita.

523 4128 530 4129 ff
622 4086 711 4174 (4)
752 4087 1062 4170 savigny,
1090 4088 1169 4154 T.
1208 4089 1258 4152 1.
1296 4110 1363 4174 p.
1401 4087 1563 4169 4133
1597 4089 1676 4155 T.
1718 4086 1808 4154 111
1834 4132 1854 4169 ‚
1892 4111 1958 4175 p.
2015 4086 2169 4167 123,
2212 4097 2278 4150 et
2315 4107 2446 4170 seq.
