<?xml version="1.0" encoding="UTF-8"?>
<!DOCTYPE html PUBLIC "-//W3C//DTD XHTML 1.0 Transitional//EN"
    "http://www.w3.org/TR/xhtml1/DTD/xhtml1-transitional.dtd">
<html xmlns="http://www.w3.org/1999/xhtml" xml:lang="en" lang="en">
 <head>
  <title>
</title>
<meta http-equiv="Content-Type" content="text/html;charset=utf-8" />
  <meta name='ocr-system' content='tesseract 3.04.00' />
  <meta name='ocr-capabilities' content='ocr_page ocr_carea ocr_par ocr_line ocrx_word'/>
</head>
<body>
  <div class='ocr_page' id='page_1' title='image "./commentariijuri00warngoog/commentariijuri00warngoog_0213.png"; bbox 0 0 2893 4778; ppageno 0'>
   <div class='ocr_carea' id='block_1_1' title="bbox 796 297 2406 415">
    <p class='ocr_par' dir='ltr' id='par_1_1' title="bbox 796 297 2406 415">
     <span class='ocr_line' id='line_1_1' title="bbox 796 297 2406 415; baseline 0.002 -29"><span class='ocrx_word' id='word_1_1' title='bbox 796 334 1017 386; x_wconf 60' lang='lat' dir='ltr'><strong>amen</strong></span> <span class='ocrx_word' id='word_1_2' title='bbox 1070 334 1125 385; x_wconf 86' lang='lat'><strong>1.</strong></span> <span class='ocrx_word' id='word_1_3' title='bbox 1192 349 1288 367; x_wconf 80' lang='lat'><strong>--·</strong></span> <span class='ocrx_word' id='word_1_4' title='bbox 1350 333 1509 387; x_wconf 69' lang='lat' dir='ltr'><strong>cAr.</strong></span> <span class='ocrx_word' id='word_1_5' title='bbox 1559 335 1643 385; x_wconf 84' lang='lat' dir='ltr'><strong>n.</strong></span> <span class='ocrx_word' id='word_1_6' title='bbox 2153 300 2293 415; x_wconf 69' lang='lat'><strong>193</strong></span> <span class='ocrx_word' id='word_1_7' title='bbox 2402 297 2406 306; x_wconf 47' lang='lat'>⁵</span> 
     </span>
    </p>
   </div>
   <div class='ocr_carea' id='block_1_2' title="bbox 125 455 2375 1692">
    <p class='ocr_par' dir='ltr' id='par_1_2' title="bbox 125 455 2305 1229">
     <span class='ocr_line' id='line_1_2' title="bbox 179 455 2293 551; baseline 0.004 -31"><span class='ocrx_word' id='word_1_8' title='bbox 179 479 232 521; x_wconf 73' lang='grc' dir='ltr'><strong>ο.</strong></span> <span class='ocrx_word' id='word_1_9' title='bbox 272 480 393 524; x_wconf 86' lang='lat' dir='ltr'><strong>nec</strong></span> <span class='ocrx_word' id='word_1_10' title='bbox 432 480 730 524; x_wconf 77' lang='lat' dir='ltr'><strong>accusare</strong></span> <span class='ocrx_word' id='word_1_11' title='bbox 758 506 776 539; x_wconf 88' lang='lat'><strong>,</strong></span> <span class='ocrx_word' id='word_1_12' title='bbox 841 482 961 525; x_wconf 82' lang='lat' dir='ltr'><strong>nec</strong></span> <span class='ocrx_word' id='word_1_13' title='bbox 1022 455 1397 551; x_wconf 84' lang='lat' dir='ltr'><strong>popularem</strong></span> <span class='ocrx_word' id='word_1_14' title='bbox 1459 459 1773 524; x_wconf 81' lang='lat' dir='ltr'><strong>actionem</strong></span> <span class='ocrx_word' id='word_1_15' title='bbox 1834 458 2171 527; x_wconf 74' lang='lat' dir='ltr'><strong>instituere</strong></span> <span class='ocrx_word' id='word_1_16' title='bbox 2231 463 2293 528; x_wconf 86' lang='lat' dir='ltr'><strong>ei</strong></span> 
     </span>
     <span class='ocr_line' id='line_1_3' title="bbox 125 567 2294 663; baseline 0.002 -28"><span class='ocrx_word' id='word_1_17' title='bbox 125 575 136 582; x_wconf 85' lang='grc'><em>“</em></span> <span class='ocrx_word' id='word_1_18' title='bbox 181 567 324 636; x_wconf 85' lang='lat' dir='ltr'><strong>licet</strong></span> <span class='ocrx_word' id='word_1_19' title='bbox 354 575 491 654; x_wconf 83' lang='lat'>(1);</span> <span class='ocrx_word' id='word_1_20' title='bbox 526 571 594 637; x_wconf 87' lang='lat' dir='ltr'><strong>d.</strong></span> <span class='ocrx_word' id='word_1_21' title='bbox 634 572 906 655; x_wconf 77' lang='lat' dir='ltr'><strong>nonnisi</strong></span> <span class='ocrx_word' id='word_1_22' title='bbox 931 593 1051 662; x_wconf 88' lang='lat' dir='ltr'><strong>pro</strong></span> <span class='ocrx_word' id='word_1_23' title='bbox 1080 572 1267 638; x_wconf 87' lang='lat' dir='ltr'><strong>certis</strong></span> <span class='ocrx_word' id='word_1_24' title='bbox 1296 574 1578 661; x_wconf 84' lang='lat' dir='ltr'><strong>personis</strong></span> <span class='ocrx_word' id='word_1_25' title='bbox 1614 575 1735 658; x_wconf 84' lang='lat'><strong>(2)</strong></span> <span class='ocrx_word' id='word_1_26' title='bbox 1768 571 2127 663; x_wconf 83' lang='lat' dir='ltr'><strong>postulare,</strong></span> <span class='ocrx_word' id='word_1_27' title='bbox 2167 574 2211 641; x_wconf 92' lang='lat' dir='ltr'><strong>i.</strong></span> <span class='ocrx_word' id='word_1_28' title='bbox 2236 598 2294 640; x_wconf 86' lang='lat' dir='ltr'><strong>e.</strong></span> 
     </span>
     <span class='ocr_line' id='line_1_4' title="bbox 182 683 2299 777; baseline 0.001 -26"><span class='ocrx_word' id='word_1_29' title='bbox 182 698 555 775; x_wconf 83' lang='lat' dir='ltr'><strong>procurator</strong></span> <span class='ocrx_word' id='word_1_30' title='bbox 589 684 692 754; x_wconf 81' lang='lat' dir='ltr'><strong>vel</strong></span> <span class='ocrx_word' id='word_1_31' title='bbox 723 683 1061 753; x_wconf 78' lang='lat' dir='ltr'><strong>advocatus</strong></span> <span class='ocrx_word' id='word_1_32' title='bbox 1084 706 1211 751; x_wconf 79' lang='lat' dir='ltr'><strong>esse</strong></span> <span class='ocrx_word' id='word_1_33' title='bbox 1237 697 1444 777; x_wconf 84' lang='lat' dir='ltr'><strong>potest</strong></span> <span class='ocrx_word' id='word_1_34' title='bbox 1481 685 1602 770; x_wconf 86' lang='lat'><strong>(3)</strong></span> <span class='ocrx_word' id='word_1_35' title='bbox 1629 713 1647 768; x_wconf 65' lang='grc' dir='ltr'><strong>ς</strong></span> <span class='ocrx_word' id='word_1_36' title='bbox 1690 710 1748 753; x_wconf 80' lang='lat' dir='ltr'><strong>e.</strong></span> <span class='ocrx_word' id='word_1_37' title='bbox 1774 686 2147 753; x_wconf 82' lang='lat' dir='ltr'><strong>intestabilis</strong></span> <span class='ocrx_word' id='word_1_38' title='bbox 2177 686 2299 754; x_wconf 72' lang='lat' dir='ltr'><strong>ha—</strong></span> 
     </span>
     <span class='ocr_line' id='line_1_5' title="bbox 186 797 2294 888; baseline 0.001 -23"><span class='ocrx_word' id='word_1_39' title='bbox 186 799 366 866; x_wconf 83' lang='lat' dir='ltr'><strong>betur</strong></span> <span class='ocrx_word' id='word_1_40' title='bbox 387 851 405 882; x_wconf 90' lang='lat'><strong>,</strong></span> <span class='ocrx_word' id='word_1_41' title='bbox 441 801 487 865; x_wconf 93' lang='lat' dir='ltr'><strong>i.</strong></span> <span class='ocrx_word' id='word_1_42' title='bbox 528 824 591 866; x_wconf 88' lang='lat' dir='ltr'><strong>e.</strong></span> <span class='ocrx_word' id='word_1_43' title='bbox 631 798 713 865; x_wconf 83' lang='lat' dir='ltr'><strong>ad</strong></span> <span class='ocrx_word' id='word_1_44' title='bbox 751 801 1097 888; x_wconf 80' lang='lat' dir='ltr'><strong>testimonii</strong></span> <span class='ocrx_word' id='word_1_45' title='bbox 1140 797 1334 864; x_wconf 87' lang='lat' dir='ltr'><strong>fidem</strong></span> <span class='ocrx_word' id='word_1_46' title='bbox 1364 797 1797 865; x_wconf 86' lang='lat' dir='ltr'><strong>admittendus</strong></span> <span class='ocrx_word' id='word_1_47' title='bbox 1827 823 1961 866; x_wconf 89' lang='lat' dir='ltr'><strong>non</strong></span> <span class='ocrx_word' id='word_1_48' title='bbox 1994 814 2085 867; x_wconf 83' lang='lat' dir='ltr'><strong>est</strong></span> <span class='ocrx_word' id='word_1_49' title='bbox 2130 802 2294 887; x_wconf 67' lang='grc'><strong>(4),</strong></span> 
     </span>
     <span class='ocr_line' id='line_1_6' title="bbox 171 897 2300 1010; baseline 0.001 -31"><span class='ocrx_word' id='word_1_50' title='bbox 171 914 241 1003; x_wconf 83' lang='lat' dir='ltr'><strong>f.</strong></span> <span class='ocrx_word' id='word_1_51' title='bbox 277 913 563 1006; x_wconf 88' lang='lat' dir='ltr'><strong>denique</strong></span> <span class='ocrx_word' id='word_1_52' title='bbox 594 915 645 981; x_wconf 85' lang='lat' dir='ltr'><strong>si</strong></span> <span class='ocrx_word' id='word_1_53' title='bbox 691 915 892 1010; x_wconf 85' lang='lat' dir='ltr'><strong>haeres</strong></span> <span class='ocrx_word' id='word_1_54' title='bbox 938 916 1262 984; x_wconf 84' lang='lat' dir='ltr'><strong>institutus</strong></span> <span class='ocrx_word' id='word_1_55' title='bbox 1313 919 1406 980; x_wconf 69' lang='lat' dir='ltr'><strong>est</strong></span> <span class='ocrx_word' id='word_1_56' title='bbox 1436 966 1454 994; x_wconf 94' lang='lat'>‚</span> <span class='ocrx_word' id='word_1_57' title='bbox 1513 913 1818 982; x_wconf 79' lang='lat' dir='ltr'><strong>fratribus</strong></span> <span class='ocrx_word' id='word_1_58' title='bbox 1872 929 1937 983; x_wconf 88' lang='lat' dir='ltr'><strong>et</strong></span> <span class='ocrx_word' id='word_1_59' title='bbox 1977 897 2300 990; x_wconf 68' lang='lat' dir='ltr'><strong>sororibus</strong></span> 
     </span>
     <span class='ocr_line' id='line_1_7' title="bbox 193 1023 2305 1121; baseline 0.001 -27"><span class='ocrx_word' id='word_1_60' title='bbox 193 1031 498 1095; x_wconf 77' lang='lat' dir='ltr'><strong>testatoris</strong></span> <span class='ocrx_word' id='word_1_61' title='bbox 565 1023 903 1120; x_wconf 67' lang='lat' dir='ltr'><strong>praeteritis</strong></span> <span class='ocrx_word' id='word_1_62' title='bbox 929 1080 946 1108; x_wconf 91' lang='lat'>‚</span> <span class='ocrx_word' id='word_1_63' title='bbox 999 1029 1327 1097; x_wconf 79' lang='lat' dir='ltr'><strong>inofficiosi</strong></span> <span class='ocrx_word' id='word_1_64' title='bbox 1400 1023 1763 1096; x_wconf 76' lang='lat' dir='ltr'><strong>testamenti</strong></span> <span class='ocrx_word' id='word_1_65' title='bbox 1818 1030 2073 1121; x_wconf 86' lang='lat' dir='ltr'><strong>querela</strong></span> <span class='ocrx_word' id='word_1_66' title='bbox 2146 1056 2305 1100; x_wconf 86' lang='lat' dir='ltr'><strong>con-</strong></span> 
     </span>
     <span class='ocr_line' id='line_1_8' title="bbox 191 1144 626 1229; baseline -0.005 -18"><span class='ocrx_word' id='word_1_67' title='bbox 191 1144 435 1212; x_wconf 77' lang='lat' dir='ltr'><strong>ceditur</strong></span> <span class='ocrx_word' id='word_1_68' title='bbox 485 1145 626 1229; x_wconf 85' lang='lat'><strong>(5).</strong></span> 
     </span>
    </p>

    <p class='ocr_par' dir='ltr' id='par_1_3' title="bbox 198 1257 2375 1692">
     <span class='ocr_line' id='line_1_9' title="bbox 276 1257 2305 1353; baseline 0 -27"><span class='ocrx_word' id='word_1_69' title='bbox 276 1259 503 1327; x_wconf 79' lang='lat' dir='ltr'><strong>Causae</strong></span> <span class='ocrx_word' id='word_1_70' title='bbox 550 1259 635 1325; x_wconf 86' lang='lat' dir='ltr'><strong>ob</strong></span> <span class='ocrx_word' id='word_1_71' title='bbox 687 1283 843 1350; x_wconf 84' lang='lat' dir='ltr'><strong>quas</strong></span> <span class='ocrx_word' id='word_1_72' title='bbox 884 1257 1149 1324; x_wconf 83' lang='lat' dir='ltr'><strong>infamia</strong></span> <span class='ocrx_word' id='word_1_73' title='bbox 1182 1259 1507 1349; x_wconf 85' lang='lat' dir='ltr'><strong>irrogatur</strong></span> <span class='ocrx_word' id='word_1_74' title='bbox 1547 1257 1951 1326; x_wconf 83' lang='lat' dir='ltr'><strong>diversissimi</strong></span> <span class='ocrx_word' id='word_1_75' title='bbox 1993 1272 2141 1326; x_wconf 87' lang='lat' dir='ltr'><strong>sunt</strong></span> <span class='ocrx_word' id='word_1_76' title='bbox 2179 1285 2305 1353; x_wconf 82' lang='lat' dir='ltr'><strong>gc·-</strong></span> 
     </span>
     <span class='ocr_line' id='line_1_10' title="bbox 199 1371 2301 1466; baseline -0 -26"><span class='ocrx_word' id='word_1_77' title='bbox 199 1378 387 1453; x_wconf 75' lang='lat' dir='ltr'><strong>neris,</strong></span> <span class='ocrx_word' id='word_1_78' title='bbox 476 1398 597 1439; x_wconf 89' lang='lat' dir='ltr'><strong>nec</strong></span> <span class='ocrx_word' id='word_1_79' title='bbox 669 1373 795 1438; x_wconf 90' lang='lat' dir='ltr'><strong>hoc</strong></span> <span class='ocrx_word' id='word_1_80' title='bbox 858 1371 1000 1439; x_wconf 90' lang='lat' dir='ltr'><strong>loco</strong></span> <span class='ocrx_word' id='word_1_81' title='bbox 1057 1371 1321 1465; x_wconf 84' lang='lat' dir='ltr'><strong>singulae</strong></span> <span class='ocrx_word' id='word_1_82' title='bbox 1384 1374 1745 1438; x_wconf 81' lang='lat' dir='ltr'><strong>enumerari</strong></span> <span class='ocrx_word' id='word_1_83' title='bbox 1821 1385 2079 1466; x_wconf 80' lang='lat' dir='ltr'><strong>possunt</strong></span> <span class='ocrx_word' id='word_1_84' title='bbox 2149 1375 2301 1458; x_wconf 81' lang='lat'><strong>(6).</strong></span> 
     </span>
     <span class='ocr_line' id='line_1_11' title="bbox 198 1485 2375 1582; baseline 0.001 -31"><span class='ocrx_word' id='word_1_85' title='bbox 198 1488 309 1554; x_wconf 84' lang='lat' dir='ltr'><strong>Pro</strong></span> <span class='ocrx_word' id='word_1_86' title='bbox 340 1507 571 1553; x_wconf 79' lang='lat' dir='ltr'><strong>earum</strong></span> <span class='ocrx_word' id='word_1_87' title='bbox 604 1485 967 1554; x_wconf 83' lang='lat' dir='ltr'><strong>diversitate</strong></span> <span class='ocrx_word' id='word_1_88' title='bbox 1006 1486 1336 1553; x_wconf 73' lang='lat' dir='ltr'><strong>infamiam</strong></span> <span class='ocrx_word' id='word_1_89' title='bbox 1377 1500 1488 1554; x_wconf 82' lang='lat' dir='ltr'><strong>aut</strong></span> <span class='ocrx_word' id='word_1_90' title='bbox 1533 1485 1991 1580; x_wconf 64' lang='lat' dir='ltr'><strong>&amp;nmedz&#39;atam</strong></span> <span class='ocrx_word' id='word_1_91' title='bbox 2022 1500 2133 1554; x_wconf 85' lang='lat' dir='ltr'><strong>aut</strong></span> <span class='ocrx_word' id='word_1_92' title='bbox 2161 1514 2305 1554; x_wconf 80' lang='lat' dir='ltr'><strong>me-</strong></span> <span class='ocrx_word' id='word_1_93' title='bbox 2368 1577 2375 1582; x_wconf 22' lang='grc' dir='ltr'>θ</span> 
     </span>
     <span class='ocr_line' id='line_1_12' title="bbox 204 1598 2306 1692; baseline 0.002 -25"><span class='ocrx_word' id='word_1_94' title='bbox 204 1601 444 1667; x_wconf 70' lang='grc' dir='ltr'><strong>άὶαεαηι.</strong></span> <span class='ocrx_word' id='word_1_95' title='bbox 475 1624 607 1666; x_wconf 89' lang='lat' dir='ltr'><strong>esse</strong></span> <span class='ocrx_word' id='word_1_96' title='bbox 645 1598 909 1685; x_wconf 77' lang='lat' dir='ltr'><strong>dicunt3</strong></span> <span class='ocrx_word' id='word_1_97' title='bbox 960 1598 1071 1668; x_wconf 81' lang='lat' dir='ltr'><strong>illa</strong></span> <span class='ocrx_word' id='word_1_98' title='bbox 1122 1623 1204 1665; x_wconf 86' lang='lat' dir='ltr'><strong>ex</strong></span> <span class='ocrx_word' id='word_1_99' title='bbox 1246 1602 1381 1690; x_wconf 90' lang='lat' dir='ltr'><strong>ipso</strong></span> <span class='ocrx_word' id='word_1_100' title='bbox 1424 1601 1601 1690; x_wconf 80' lang='lat' dir='ltr'><strong>turpi</strong></span> <span class='ocrx_word' id='word_1_101' title='bbox 1659 1599 1877 1692; x_wconf 86' lang='lat' dir='ltr'><strong>aliquo</strong></span> <span class='ocrx_word' id='word_1_102' title='bbox 1939 1599 2109 1669; x_wconf 86' lang='lat' dir='ltr'><strong>facto</strong></span> <span class='ocrx_word' id='word_1_103' title='bbox 2158 1601 2306 1671; x_wconf 75' lang='lat' dir='ltr'><strong>des-</strong></span> 
     </span>
    </p>
   </div>
   <div class='ocr_carea' id='block_1_3' title="bbox 212 1921 2311 2329">
    <p class='ocr_par' dir='ltr' id='par_1_4' title="bbox 212 1921 2311 2329">
     <span class='ocr_line' id='line_1_13' title="bbox 284 1921 2306 2010; baseline -0.002 -22"><span class='ocrx_word' id='word_1_104' title='bbox 284 1933 416 2010; x_wconf 86' lang='lat'><strong>(1)</strong></span> <span class='ocrx_word' id='word_1_105' title='bbox 455 1927 531 1989; x_wconf 89' lang='lat' dir='ltr'><strong>L.</strong></span> <span class='ocrx_word' id='word_1_106' title='bbox 583 1923 659 2004; x_wconf 88' lang='lat'><strong>4,</strong></span> <span class='ocrx_word' id='word_1_107' title='bbox 700 1923 855 1987; x_wconf 92' lang='grc'><strong>81).</strong></span> <span class='ocrx_word' id='word_1_108' title='bbox 901 1923 1017 2002; x_wconf 90' lang='grc'><strong>48,</strong></span> <span class='ocrx_word' id='word_1_109' title='bbox 1066 1945 1140 1999; x_wconf 82' lang='lat'><strong>2,</strong></span> <span class='ocrx_word' id='word_1_110' title='bbox 1183 1923 1304 2007; x_wconf 87' lang='lat' dir='ltr'><strong>(de</strong></span> <span class='ocrx_word' id='word_1_111' title='bbox 1332 1941 1534 1985; x_wconf 81' lang='lat' dir='ltr'><strong>accus.</strong></span> <span class='ocrx_word' id='word_1_112' title='bbox 1562 1921 1663 1988; x_wconf 81' lang='lat' dir='ltr'><strong>vel</strong></span> <span class='ocrx_word' id='word_1_113' title='bbox 1691 1924 2158 2007; x_wconf 83' lang='lat' dir='ltr'><strong>1nscr1pt),l</strong></span> <span class='ocrx_word' id='word_1_114' title='bbox 2201 1924 2306 2003; x_wconf 82' lang='lat'><strong>15,</strong></span> 
     </span>
     <span class='ocr_line' id='line_1_14' title="bbox 212 2028 2305 2118; baseline -0.002 -25"><span class='ocrx_word' id='word_1_115' title='bbox 212 2036 272 2095; x_wconf 92' lang='lat' dir='ltr'><strong>C.</strong></span> <span class='ocrx_word' id='word_1_116' title='bbox 310 2057 390 2118; x_wconf 83' lang='lat'><strong>9,</strong></span> <span class='ocrx_word' id='word_1_117' title='bbox 430 2033 673 2114; x_wconf 85' lang='lat' dir='ltr'><strong>1,(de</strong></span> <span class='ocrx_word' id='word_1_118' title='bbox 715 2030 816 2092; x_wconf 86' lang='lat' dir='ltr'><strong>his</strong></span> <span class='ocrx_word' id='word_1_119' title='bbox 868 2034 975 2118; x_wconf 88' lang='lat' dir='ltr'><strong>qui</strong></span> <span class='ocrx_word' id='word_1_120' title='bbox 1016 2051 1301 2093; x_wconf 83' lang='lat' dir='ltr'><strong>accusare</strong></span> <span class='ocrx_word' id='word_1_121' title='bbox 1342 2051 1467 2092; x_wconf 90' lang='lat' dir='ltr'><strong>non</strong></span> <span class='ocrx_word' id='word_1_122' title='bbox 1494 2029 1925 2114; x_wconf 81' lang='lat' dir='ltr'><strong>possunt)·,l.</strong></span> <span class='ocrx_word' id='word_1_123' title='bbox 1968 2028 2049 2109; x_wconf 87' lang='lat'><strong>4,</strong></span> <span class='ocrx_word' id='word_1_124' title='bbox 2079 2033 2154 2092; x_wconf 86' lang='lat' dir='ltr'><strong>D.</strong></span> <span class='ocrx_word' id='word_1_125' title='bbox 2185 2031 2305 2116; x_wconf 83' lang='lat'><strong>47,</strong></span> 
     </span>
     <span class='ocr_line' id='line_1_15' title="bbox 215 2138 2306 2227; baseline 0 -27"><span class='ocrx_word' id='word_1_126' title='bbox 215 2143 324 2217; x_wconf 76' lang='lat'><strong>23,</strong></span> <span class='ocrx_word' id='word_1_127' title='bbox 368 2142 503 2227; x_wconf 83' lang='lat' dir='ltr'><strong>(de</strong></span> <span class='ocrx_word' id='word_1_128' title='bbox 528 2138 749 2223; x_wconf 87' lang='lat' dir='ltr'><strong>popul.</strong></span> <span class='ocrx_word' id='word_1_129' title='bbox 781 2142 1007 2199; x_wconf 82' lang='lat' dir='ltr'><strong>action.</strong></span> <span class='ocrx_word' id='word_1_130' title='bbox 1018 2143 1076 2219; x_wconf 83' lang='lat'><strong>).</strong></span> <span class='ocrx_word' id='word_1_131' title='bbox 1127 2138 1522 2221; x_wconf 83' lang='lat' dir='ltr'><strong>Utrumque&#39;</strong></span> <span class='ocrx_word' id='word_1_132' title='bbox 1506 2141 1582 2199; x_wconf 74' lang='lat' dir='ltr'><strong>iis</strong></span> <span class='ocrx_word' id='word_1_133' title='bbox 1625 2141 2007 2220; x_wconf 85' lang='lat' dir='ltr'><strong>permittitur</strong></span> <span class='ocrx_word' id='word_1_134' title='bbox 2045 2140 2306 2221; x_wconf 88' lang='lat' dir='ltr'><strong>quibus-</strong></span> 
     </span>
     <span class='ocr_line' id='line_1_16' title="bbox 221 2241 2311 2329; baseline 0 -23"><span class='ocrx_word' id='word_1_135' title='bbox 221 2248 390 2310; x_wconf 83' lang='lat' dir='ltr'><strong>dam</strong></span> <span class='ocrx_word' id='word_1_136' title='bbox 374 2273 441 2310; x_wconf 86' lang='lat' dir='ltr'><strong>m</strong></span> <span class='ocrx_word' id='word_1_137' title='bbox 475 2246 742 2308; x_wconf 79' lang='lat' dir='ltr'><strong>casibus,</strong></span> <span class='ocrx_word' id='word_1_138' title='bbox 774 2243 852 2305; x_wconf 93' lang='lat' dir='ltr'><strong>V.</strong></span> <span class='ocrx_word' id='word_1_139' title='bbox 887 2246 1285 2322; x_wconf 68' lang='lat' dir='ltr'><strong>Buce-hardi,</strong></span> <span class='ocrx_word' id='word_1_140' title='bbox 1332 2267 1391 2327; x_wconf 89' lang='lat' dir='ltr'><strong>p.</strong></span> <span class='ocrx_word' id='word_1_141' title='bbox 1421 2243 1522 2306; x_wconf 84' lang='lat'><strong>28.</strong></span> <span class='ocrx_word' id='word_1_142' title='bbox 1566 2244 1658 2304; x_wconf 82' lang='lat' dir='ltr'><strong>De</strong></span> <span class='ocrx_word' id='word_1_143' title='bbox 1696 2241 1842 2305; x_wconf 90' lang='lat' dir='ltr'><strong>dolo</strong></span> <span class='ocrx_word' id='word_1_144' title='bbox 1878 2267 2060 2329; x_wconf 71' lang='lat' dir='ltr'><strong>agene</strong></span> <span class='ocrx_word' id='word_1_145' title='bbox 2095 2257 2311 2308; x_wconf 83' lang='lat' dir='ltr'><strong>contra</strong></span> 
     </span>
    </p>
   </div>
   <div class='ocr_carea' id='block_1_4' title="bbox 215 2351 2306 2542">
    <p class='ocr_par' dir='ltr' id='par_1_5' title="bbox 215 2351 2306 2542">
     <span class='ocr_line' id='line_1_17' title="bbox 222 2351 2306 2437; baseline 0 -23"><span class='ocrx_word' id='word_1_146' title='bbox 222 2353 637 2418; x_wconf 80' lang='lat' dir='ltr'><strong>honestiores</strong></span> <span class='ocrx_word' id='word_1_147' title='bbox 619 2375 696 2415; x_wconf 82' lang='lat' dir='ltr'><strong>us</strong></span> <span class='ocrx_word' id='word_1_148' title='bbox 722 2373 969 2437; x_wconf 88' lang='lat' dir='ltr'><strong>quoque</strong></span> <span class='ocrx_word' id='word_1_149' title='bbox 999 2374 1125 2415; x_wconf 89' lang='lat' dir='ltr'><strong>non</strong></span> <span class='ocrx_word' id='word_1_150' title='bbox 1162 2353 1531 2436; x_wconf 83' lang='lat' dir='ltr'><strong>permissum</strong></span> <span class='ocrx_word' id='word_1_151' title='bbox 1559 2351 1828 2415; x_wconf 78' lang='lat' dir='ltr'><strong>videtur.</strong></span> <span class='ocrx_word' id='word_1_152' title='bbox 1873 2353 1944 2414; x_wconf 88' lang='lat' dir='ltr'><strong>L.</strong></span> <span class='ocrx_word' id='word_1_153' title='bbox 1996 2352 2174 2436; x_wconf 80' lang='lat'><strong>11,§</strong></span> <span class='ocrx_word' id='word_1_154' title='bbox 2236 2375 2306 2433; x_wconf 90' lang='lat'><strong>1,</strong></span> 
     </span>
     <span class='ocr_line' id='line_1_18' title="bbox 215 2459 1145 2542; baseline 0.001 -22"><span class='ocrx_word' id='word_1_155' title='bbox 215 2463 293 2525; x_wconf 80' lang='lat' dir='ltr'><strong>-D,</strong></span> <span class='ocrx_word' id='word_1_156' title='bbox 335 2464 412 2542; x_wconf 91' lang='lat'><strong>4,</strong></span> <span class='ocrx_word' id='word_1_157' title='bbox 465 2464 523 2522; x_wconf 98' lang='lat'><strong>3.</strong></span> <span class='ocrx_word' id='word_1_158' title='bbox 564 2462 674 2541; x_wconf 87' lang='lat' dir='ltr'><strong>(de</strong></span> <span class='ocrx_word' id='word_1_159' title='bbox 706 2459 851 2522; x_wconf 89' lang='lat' dir='ltr'><strong>dolo</strong></span> <span class='ocrx_word' id='word_1_160' title='bbox 901 2460 1145 2541; x_wconf 80' lang='lat' dir='ltr'><strong>malo).</strong></span> 
     </span>
    </p>
   </div>
   <div class='ocr_carea' id='block_1_5' title="bbox 291 2589 2317 2707">
    <p class='ocr_par' dir='ltr' id='par_1_6' title="bbox 291 2589 2317 2707">
     <span class='ocr_line' id='line_1_19' title="bbox 291 2589 2317 2707; baseline 0.001 -54"><span class='ocrx_word' id='word_1_161' title='bbox 291 2597 434 2674; x_wconf 79' lang='lat'><strong>(2)</strong></span> <span class='ocrx_word' id='word_1_162' title='bbox 468 2593 1070 2675; x_wconf 79' lang='lat' dir='ltr'><strong>DesignanturinL.</strong></span> <span class='ocrx_word' id='word_1_163' title='bbox 1107 2613 1128 2652; x_wconf 86' lang='lat'>1</span> <span class='ocrx_word' id='word_1_164' title='bbox 1168 2591 1376 2674; x_wconf 82' lang='lat'><strong>,§11‚</strong></span> <span class='ocrx_word' id='word_1_165' title='bbox 1402 2590 1482 2652; x_wconf 90' lang='lat' dir='ltr'><strong>D.</strong></span> <span class='ocrx_word' id='word_1_166' title='bbox 1511 2591 1580 2670; x_wconf 90' lang='grc'><strong>3,</strong></span> <span class='ocrx_word' id='word_1_167' title='bbox 1612 2612 1633 2651; x_wconf 80' lang='lat'>1</span> <span class='ocrx_word' id='word_1_168' title='bbox 1660 2590 1839 2674; x_wconf 86' lang='lat' dir='ltr'><strong>,(de</strong></span> <span class='ocrx_word' id='word_1_169' title='bbox 1865 2589 2317 2707; x_wconf 63' lang='lat' dir='ltr'><strong>postulando).</strong></span> 
     </span>
    </p>
   </div>
   <div class='ocr_carea' id='block_1_6' title="bbox 201 2702 2317 3233">
    <p class='ocr_par' dir='ltr' id='par_1_7' title="bbox 201 2702 2317 3233">
     <span class='ocr_line' id='line_1_20' title="bbox 296 2702 2315 2809; baseline -0 -22"><span class='ocrx_word' id='word_1_170' title='bbox 296 2728 424 2809; x_wconf 80' lang='lat'><strong>(3)</strong></span> <span class='ocrx_word' id='word_1_171' title='bbox 470 2723 602 2784; x_wconf 85' lang='lat' dir='ltr'><strong>Hac</strong></span> <span class='ocrx_word' id='word_1_172' title='bbox 639 2723 717 2783; x_wconf 89' lang='lat' dir='ltr'><strong>de</strong></span> <span class='ocrx_word' id='word_1_173' title='bbox 759 2724 997 2784; x_wconf 82' lang='lat' dir='ltr'><strong>ratione</strong></span> <span class='ocrx_word' id='word_1_174' title='bbox 1037 2724 1103 2783; x_wconf 84' lang='lat' dir='ltr'><strong>in</strong></span> <span class='ocrx_word' id='word_1_175' title='bbox 1137 2721 1409 2804; x_wconf 85' lang='lat' dir='ltr'><strong>Digestis</strong></span> <span class='ocrx_word' id='word_1_176' title='bbox 1449 2725 1549 2791; x_wconf 85' lang='lat' dir='ltr'><strong>tit.</strong></span> <span class='ocrx_word' id='word_1_177' title='bbox 1599 2702 1676 2784; x_wconf 83' lang='lat' dir='ltr'><strong>de</strong></span> <span class='ocrx_word' id='word_1_178' title='bbox 1722 2722 1975 2784; x_wconf 84' lang='lat' dir='ltr'><strong>infamia</strong></span> <span class='ocrx_word' id='word_1_179' title='bbox 2018 2726 2182 2786; x_wconf 80' lang='lat' dir='ltr'><strong>inter</strong></span> <span class='ocrx_word' id='word_1_180' title='bbox 2226 2712 2315 2786; x_wconf 64' lang='lat' dir='ltr'><strong>&#39;tl-</strong></span> 
     </span>
     <span class='ocr_line' id='line_1_21' title="bbox 225 2826 2312 2925; baseline 0 -35"><span class='ocrx_word' id='word_1_181' title='bbox 225 2830 376 2892; x_wconf 84' lang='lat' dir='ltr'><strong>tulos</strong></span> <span class='ocrx_word' id='word_1_182' title='bbox 423 2831 501 2890; x_wconf 85' lang='lat' dir='ltr'><strong>de</strong></span> <span class='ocrx_word' id='word_1_183' title='bbox 517 2826 918 2925; x_wconf 88' lang='lat' dir='ltr'><strong>postulando</strong></span> <span class='ocrx_word' id='word_1_184' title='bbox 959 2841 1022 2889; x_wconf 87' lang='lat' dir='ltr'><strong>et</strong></span> <span class='ocrx_word' id='word_1_185' title='bbox 1061 2828 1138 2889; x_wconf 85' lang='lat' dir='ltr'><strong>de</strong></span> <span class='ocrx_word' id='word_1_186' title='bbox 1180 2829 1687 2911; x_wconf 81' lang='lat' dir='ltr'><strong>procuratoribus</strong></span> <span class='ocrx_word' id='word_1_187' title='bbox 1714 2832 1954 2911; x_wconf 81' lang='lat' dir='ltr'><strong>positus</strong></span> <span class='ocrx_word' id='word_1_188' title='bbox 1986 2837 2097 2890; x_wconf 87' lang='lat' dir='ltr'><strong>est.</strong></span> <span class='ocrx_word' id='word_1_189' title='bbox 2129 2829 2199 2888; x_wconf 89' lang='lat' dir='ltr'><strong>L.</strong></span> <span class='ocrx_word' id='word_1_190' title='bbox 2239 2853 2263 2891; x_wconf 89' lang='lat'>1</span> <span class='ocrx_word' id='word_1_191' title='bbox 2280 2870 2312 2907; x_wconf 56' lang='lat'><em>2</em></span> 
     </span>
     <span class='ocr_line' id='line_1_22' title="bbox 226 2910 2313 3019; baseline -0.001 -20"><span class='ocrx_word' id='word_1_192' title='bbox 226 2934 251 3019; x_wconf 60' lang='grc' dir='ltr'><em>ς</em></span> <span class='ocrx_word' id='word_1_193' title='bbox 298 2938 365 3013; x_wconf 91' lang='grc'><em>8,</em></span> <span class='ocrx_word' id='word_1_194' title='bbox 394 2939 475 2997; x_wconf 92' lang='grc' dir='ltr'><strong>Ι).</strong></span> <span class='ocrx_word' id='word_1_195' title='bbox 512 2910 550 2997; x_wconf 87' lang='grc'><strong>3</strong></span> <span class='ocrx_word' id='word_1_196' title='bbox 578 2985 593 3011; x_wconf 87' lang='grc'><em>,</em></span> <span class='ocrx_word' id='word_1_197' title='bbox 647 2959 666 2996; x_wconf 84' lang='lat'>1</span> <span class='ocrx_word' id='word_1_198' title='bbox 688 2981 701 2996; x_wconf 94' lang='lat'><strong>.</strong></span> <span class='ocrx_word' id='word_1_199' title='bbox 728 2936 1006 2996; x_wconf 89' lang='lat' dir='ltr'><strong>Dubium</strong></span> <span class='ocrx_word' id='word_1_200' title='bbox 1041 2946 1133 2998; x_wconf 88' lang='lat' dir='ltr'><strong>est</strong></span> <span class='ocrx_word' id='word_1_201' title='bbox 1157 2984 1173 3010; x_wconf 91' lang='lat'><strong>,</strong></span> <span class='ocrx_word' id='word_1_202' title='bbox 1205 2958 1284 2996; x_wconf 84' lang='lat' dir='ltr'><strong>an</strong></span> <span class='ocrx_word' id='word_1_203' title='bbox 1317 2935 1709 2997; x_wconf 76' lang='lat' dir='ltr'><strong>Justinianus</strong></span> <span class='ocrx_word' id='word_1_204' title='bbox 1751 2935 1869 2996; x_wconf 89' lang='lat' dir='ltr'><strong>hoc</strong></span> <span class='ocrx_word' id='word_1_205' title='bbox 1896 2938 1992 3016; x_wconf 82' lang='lat' dir='ltr'><strong>jus</strong></span> <span class='ocrx_word' id='word_1_206' title='bbox 2023 2957 2149 2998; x_wconf 87' lang='lat' dir='ltr'><strong>non</strong></span> <span class='ocrx_word' id='word_1_207' title='bbox 2175 2954 2313 2997; x_wconf 88' lang='lat' dir='ltr'><strong>mu-</strong></span> 
     </span>
     <span class='ocr_line' id='line_1_23' title="bbox 201 3020 2317 3133; baseline 0.003 -30"><span class='ocrx_word' id='word_1_208' title='bbox 201 3048 440 3106; x_wconf 67' lang='lat' dir='ltr'><strong>taverit</strong></span> <span class='ocrx_word' id='word_1_209' title='bbox 490 3041 616 3125; x_wconf 89' lang='lat' dir='ltr'><strong>in§</strong></span> <span class='ocrx_word' id='word_1_210' title='bbox 685 3062 775 3103; x_wconf 91' lang='lat'><strong>11.</strong></span> <span class='ocrx_word' id='word_1_211' title='bbox 838 3045 889 3102; x_wconf 86' lang='grc' dir='ltr'><strong>Ι.</strong></span> <span class='ocrx_word' id='word_1_212' title='bbox 943 3039 1020 3121; x_wconf 90' lang='grc'><strong>4,</strong></span> <span class='ocrx_word' id='word_1_213' title='bbox 1096 3042 1217 3121; x_wconf 84' lang='lat'><strong>13,</strong></span> <span class='ocrx_word' id='word_1_214' title='bbox 1270 3043 1405 3125; x_wconf 87' lang='lat' dir='ltr'><strong>(de</strong></span> <span class='ocrx_word' id='word_1_215' title='bbox 1463 3020 1803 3125; x_wconf 70' lang='lat' dir='ltr'><strong>exception.</strong></span> <span class='ocrx_word' id='word_1_216' title='bbox 1829 3045 1884 3123; x_wconf 81' lang='grc'><strong>&gt;.</strong></span> <span class='ocrx_word' id='word_1_217' title='bbox 1926 3040 2036 3133; x_wconf 49' lang='lat' dir='ltr'><strong>¹V.</strong></span> <span class='ocrx_word' id='word_1_218' title='bbox 2098 3054 2317 3109; x_wconf 74' lang='lat' dir='ltr'><strong>notam</strong></span> 
     </span>
     <span class='ocr_line' id='line_1_24' title="bbox 230 3147 1058 3233; baseline -0.002 -22"><span class='ocrx_word' id='word_1_219' title='bbox 230 3153 380 3233; x_wconf 77' lang='lat' dir='ltr'><strong>apud</strong></span> <span class='ocrx_word' id='word_1_220' title='bbox 407 3150 793 3226; x_wconf 78' lang='lat' dir='ltr'><strong>Burchardi,</strong></span> <span class='ocrx_word' id='word_1_221' title='bbox 853 3172 913 3231; x_wconf 91' lang='lat' dir='ltr'><strong>p.</strong></span> <span class='ocrx_word' id='word_1_222' title='bbox 958 3147 1058 3210; x_wconf 84' lang='lat'><strong>55.</strong></span> 
     </span>
    </p>
   </div>
   <div class='ocr_carea' id='block_1_7' title="bbox 227 3277 2311 3577">
    <p class='ocr_par' dir='ltr' id='par_1_8' title="bbox 227 3277 2311 3577">
     <span class='ocr_line' id='line_1_25' title="bbox 298 3277 2309 3365; baseline -0 -23"><span class='ocrx_word' id='word_1_223' title='bbox 298 3283 429 3365; x_wconf 84' lang='lat'><strong>(4)</strong></span> <span class='ocrx_word' id='word_1_224' title='bbox 469 3284 540 3343; x_wconf 89' lang='lat' dir='ltr'><strong>L.</strong></span> <span class='ocrx_word' id='word_1_225' title='bbox 609 3285 680 3357; x_wconf 88' lang='grc'><strong>3,</strong></span> <span class='ocrx_word' id='word_1_226' title='bbox 724 3277 752 3364; x_wconf 87' lang='lat'><em>§</em></span> <span class='ocrx_word' id='word_1_227' title='bbox 796 3280 871 3356; x_wconf 85' lang='lat'><strong>5,</strong></span> <span class='ocrx_word' id='word_1_228' title='bbox 922 3280 1001 3341; x_wconf 91' lang='lat' dir='ltr'><strong>D.</strong></span> <span class='ocrx_word' id='word_1_229' title='bbox 1048 3301 1168 3357; x_wconf 80' lang='lat'><strong>22,</strong></span> <span class='ocrx_word' id='word_1_230' title='bbox 1214 3279 1289 3357; x_wconf 87' lang='lat'><strong>5,</strong></span> <span class='ocrx_word' id='word_1_231' title='bbox 1342 3280 1470 3363; x_wconf 79' lang='lat' dir='ltr'><strong>(de</strong></span> <span class='ocrx_word' id='word_1_232' title='bbox 1516 3280 1790 3362; x_wconf 64' lang='lat' dir='ltr'><strong>testib.)</strong></span> <span class='ocrx_word' id='word_1_233' title='bbox 1837 3278 2068 3342; x_wconf 85' lang='lat' dir='ltr'><strong>Utrum</strong></span> <span class='ocrx_word' id='word_1_234' title='bbox 2124 3279 2309 3363; x_wconf 81' lang='lat' dir='ltr'><strong>plane</strong></span> 
     </span>
     <span class='ocr_line' id='line_1_26' title="bbox 227 3386 2311 3470; baseline -0 -22"><span class='ocrx_word' id='word_1_235' title='bbox 227 3387 456 3450; x_wconf 85' lang='lat' dir='ltr'><strong>nullum</strong></span> <span class='ocrx_word' id='word_1_236' title='bbox 493 3410 574 3450; x_wconf 83' lang='lat' dir='ltr'><strong>an</strong></span> <span class='ocrx_word' id='word_1_237' title='bbox 620 3399 973 3470; x_wconf 86' lang='lat' dir='ltr'><strong>suspectum</strong></span> <span class='ocrx_word' id='word_1_238' title='bbox 1010 3398 1254 3454; x_wconf 87' lang='lat' dir='ltr'><strong>tantum</strong></span> <span class='ocrx_word' id='word_1_239' title='bbox 1289 3386 1508 3448; x_wconf 85' lang='lat' dir='ltr'><strong>famosi</strong></span> <span class='ocrx_word' id='word_1_240' title='bbox 1564 3390 1991 3453; x_wconf 86' lang='lat' dir='ltr'><strong>testimonium</strong></span> <span class='ocrx_word' id='word_1_241' title='bbox 2028 3391 2143 3465; x_wconf 88' lang='lat' dir='ltr'><strong>sit,</strong></span> <span class='ocrx_word' id='word_1_242' title='bbox 2186 3388 2311 3448; x_wconf 88' lang='lat' dir='ltr'><strong>du·-</strong></span> 
     </span>
     <span class='ocr_line' id='line_1_27' title="bbox 230 3493 1901 3577; baseline 0.001 -23"><span class='ocrx_word' id='word_1_243' title='bbox 230 3494 388 3556; x_wconf 82' lang='lat' dir='ltr'><strong>bium</strong></span> <span class='ocrx_word' id='word_1_244' title='bbox 432 3508 569 3574; x_wconf 62' lang='grc' dir='ltr'><em>εει,</em></span> <span class='ocrx_word' id='word_1_245' title='bbox 616 3516 754 3559; x_wconf 85' lang='lat' dir='ltr'><strong>rem</strong></span> <span class='ocrx_word' id='word_1_246' title='bbox 793 3493 1067 3556; x_wconf 80' lang='lat' dir='ltr'><strong>illustrat</strong></span> <span class='ocrx_word' id='word_1_247' title='bbox 1111 3494 1472 3556; x_wconf 74' lang='lat' dir='ltr'><strong>Barchardi</strong></span> <span class='ocrx_word' id='word_1_248' title='bbox 1500 3540 1518 3571; x_wconf 89' lang='lat'><strong>,</strong></span> <span class='ocrx_word' id='word_1_249' title='bbox 1566 3514 1630 3577; x_wconf 90' lang='lat' dir='ltr'><strong>p.</strong></span> <span class='ocrx_word' id='word_1_250' title='bbox 1685 3493 1901 3556; x_wconf 75' lang='lat'><strong>22-28.</strong></span> 
     </span>
    </p>
   </div>
   <div class='ocr_carea' id='block_1_8' title="bbox 307 3624 2014 3711">
    <p class='ocr_par' dir='ltr' id='par_1_9' title="bbox 307 3624 2014 3711">
     <span class='ocr_line' id='line_1_28' title="bbox 307 3624 2014 3711; baseline -0.001 -23"><span class='ocrx_word' id='word_1_251' title='bbox 307 3629 428 3709; x_wconf 83' lang='lat'><strong>(5)</strong></span> <span class='ocrx_word' id='word_1_252' title='bbox 478 3628 547 3688; x_wconf 91' lang='lat' dir='ltr'><strong>L.</strong></span> <span class='ocrx_word' id='word_1_253' title='bbox 596 3648 709 3711; x_wconf 79' lang='lat'><strong>27,</strong></span> <span class='ocrx_word' id='word_1_254' title='bbox 751 3626 823 3686; x_wconf 90' lang='lat' dir='ltr'><strong>C.</strong></span> <span class='ocrx_word' id='word_1_255' title='bbox 870 3628 947 3703; x_wconf 87' lang='lat'><strong>3,</strong></span> <span class='ocrx_word' id='word_1_256' title='bbox 996 3624 1111 3701; x_wconf 79' lang='lat'><strong>28,</strong></span> <span class='ocrx_word' id='word_1_257' title='bbox 1152 3625 1277 3702; x_wconf 81' lang='lat' dir='ltr'><strong>(de</strong></span> <span class='ocrx_word' id='word_1_258' title='bbox 1325 3626 1507 3688; x_wconf 80' lang='lat' dir='ltr'><strong>inoff.</strong></span> <span class='ocrx_word' id='word_1_259' title='bbox 1555 3627 2014 3707; x_wconf 71' lang='lat' dir='ltr'><strong>testamento).·</strong></span> 
     </span>
    </p>
   </div>
   <div class='ocr_carea' id='block_1_9' title="bbox 228 3751 2313 4053">
    <p class='ocr_par' dir='ltr' id='par_1_10' title="bbox 228 3751 2313 4053">
     <span class='ocr_line' id='line_1_29' title="bbox 305 3751 2313 3839; baseline -0.001 -21"><span class='ocrx_word' id='word_1_260' title='bbox 305 3757 427 3839; x_wconf 85' lang='lat'><strong>(6)</strong></span> <span class='ocrx_word' id='word_1_261' title='bbox 471 3756 813 3817; x_wconf 85' lang='lat' dir='ltr'><strong>Enumerat</strong></span> <span class='ocrx_word' id='word_1_262' title='bbox 837 3774 939 3816; x_wconf 82' lang='lat' dir='ltr'><strong>cas</strong></span> <span class='ocrx_word' id='word_1_263' title='bbox 964 3753 1398 3836; x_wconf 75' lang='lat' dir='ltr'><strong>VVestenberg,</strong></span> <span class='ocrx_word' id='word_1_264' title='bbox 1427 3752 1748 3837; x_wconf 80' lang='lat' dir='ltr'><strong>Principia</strong></span> <span class='ocrx_word' id='word_1_265' title='bbox 1783 3756 1933 3834; x_wconf 85' lang='lat' dir='ltr'><strong>juris</strong></span> <span class='ocrx_word' id='word_1_266' title='bbox 1974 3751 2313 3816; x_wconf 84' lang='lat' dir='ltr'><strong>secundum</strong></span> 
     </span>
     <span class='ocr_line' id='line_1_30' title="bbox 231 3857 2312 3947; baseline -0 -25"><span class='ocrx_word' id='word_1_267' title='bbox 231 3863 354 3924; x_wconf 83' lang='lat' dir='ltr'><strong>ord.</strong></span> <span class='ocrx_word' id='word_1_268' title='bbox 377 3864 764 3947; x_wconf 82' lang='lat' dir='ltr'><strong>Digestorum</strong></span> <span class='ocrx_word' id='word_1_269' title='bbox 788 3909 805 3938; x_wconf 92' lang='lat'>‚</span> <span class='ocrx_word' id='word_1_270' title='bbox 836 3861 950 3922; x_wconf 90' lang='lat' dir='ltr'><strong>lib.</strong></span> <span class='ocrx_word' id='word_1_271' title='bbox 984 3863 1022 3924; x_wconf 85' lang='lat'><strong>3</strong></span> <span class='ocrx_word' id='word_1_272' title='bbox 1046 3908 1063 3937; x_wconf 87' lang='lat'><strong>,</strong></span> <span class='ocrx_word' id='word_1_273' title='bbox 1089 3869 1139 3920; x_wconf 90' lang='lat' dir='ltr'><strong>t.</strong></span> <span class='ocrx_word' id='word_1_274' title='bbox 1164 3881 1199 3920; x_wconf 87' lang='lat'>2</span> <span class='ocrx_word' id='word_1_275' title='bbox 1224 3880 1246 3938; x_wconf 88' lang='grc'><em>·,</em></span> <span class='ocrx_word' id='word_1_276' title='bbox 1275 3857 1538 3922; x_wconf 85' lang='lat' dir='ltr'><strong>Pothier</strong></span> <span class='ocrx_word' id='word_1_277' title='bbox 1567 3859 1892 3921; x_wconf 79' lang='lat' dir='ltr'><strong>Pandectae</strong></span> <span class='ocrx_word' id='word_1_278' title='bbox 1914 3858 2140 3920; x_wconf 74' lang='lat' dir='ltr'><strong>sustin.</strong></span> <span class='ocrx_word' id='word_1_279' title='bbox 2177 3861 2264 3922; x_wconf 90' lang='lat' dir='ltr'><strong>ib.</strong></span> <span class='ocrx_word' id='word_1_280' title='bbox 2289 3881 2312 3942; x_wconf 65' lang='grc' dir='ltr'><strong>ς</strong></span> 
     </span>
     <span class='ocr_line' id='line_1_31' title="bbox 228 3966 2311 4053; baseline 0.002 -25"><span class='ocrx_word' id='word_1_281' title='bbox 228 3966 565 4048; x_wconf 72' lang='lat' dir='ltr'><strong>Rofacker,</strong></span> <span class='ocrx_word' id='word_1_282' title='bbox 588 3970 909 4053; x_wconf 81' lang='lat' dir='ltr'><strong>Principia</strong></span> <span class='ocrx_word' id='word_1_283' title='bbox 934 4016 952 4046; x_wconf 85' lang='lat'><strong>,</strong></span> <span class='ocrx_word' id='word_1_284' title='bbox 999 3969 1025 4052; x_wconf 60' lang='grc' dir='ltr'><strong><em>ς</em></strong></span> <span class='ocrx_word' id='word_1_285' title='bbox 1069 3969 1349 4030; x_wconf 81' lang='lat'><strong>321-323</strong></span> <span class='ocrx_word' id='word_1_286' title='bbox 1382 3978 1449 4029; x_wconf 85' lang='lat' dir='ltr'><strong>et</strong></span> <span class='ocrx_word' id='word_1_287' title='bbox 1477 3988 1602 4033; x_wconf 76' lang='lat' dir='ltr'><strong>van</strong></span> <span class='ocrx_word' id='word_1_288' title='bbox 1643 3969 1853 4031; x_wconf 86' lang='lat' dir='ltr'><strong>Geuns</strong></span> <span class='ocrx_word' id='word_1_289' title='bbox 1886 4014 1902 4045; x_wconf 91' lang='lat'><strong>,</strong></span> <span class='ocrx_word' id='word_1_290' title='bbox 1942 3990 2005 4050; x_wconf 91' lang='lat' dir='ltr'><strong>p.</strong></span> <span class='ocrx_word' id='word_1_291' title='bbox 2045 3969 2311 4051; x_wconf 72' lang='lat'><strong>90-125.</strong></span> 
     </span>
    </p>
   </div>
   <div class='ocr_carea' id='block_1_10' title="bbox 1843 4195 1953 4270">
    <p class='ocr_par' dir='ltr' id='par_1_11' title="bbox 1843 4195 1953 4270">
     <span class='ocr_line' id='line_1_32' title="bbox 1843 4195 1953 4270; baseline -0.009 0"><span class='ocrx_word' id='word_1_292' title='bbox 1843 4195 1953 4270; x_wconf 71' lang='lat'><strong>152·</strong></span> 
     </span>
    </p>
   </div>
  </div>
 </body>
</html>
