2893 4778
880 306 1097 356 unna
1147 307 1232 354 11.
1285 321 1380 374 -τ
1432 307 1590 355 ear.
1643 309 1747 357 1v.
1903 318 1908 324 ·
2233 282 2384 357 505

267 430 684 502 interdictum
733 444 828 501 est
872 439 985 522 (ι)
1019 485 1037 517 ,
1089 432 1302 503 aliisve
1351 434 1636 527 personis
1682 439 1840 521 (2),
1898 457 2046 527 quae
2093 437 2163 502 in
2199 459 2388 503 cura-

271 547 445 614 tione
480 550 838 617 constitutae
871 561 1018 617 sunt
1049 601 1066 631 ‚
1109 550 1302 616 tacita
1328 547 1640 638 ejusmodi
1671 548 2034 641 hypotheca
2066 563 2390 642 competat

270 686 394 727 nec
418 686 500 728 ne
519 714 536 743 ,
569 662 750 732 valde
787 663 1058 732 dubium
1094 676 1284 755 atque
1313 677 1793 733 controversum
1823 677 1914 731 est
1946 715 1964 745 ,
2005 663 2118 731 sed
2140 691 2388 758 negan-

271 773 432 842 dum
471 801 597 843 esse
662 776 919 844 videtur
942 829 959 858 ,
1015 803 1163 845 cum
1211 778 1553 845 extendere
1606 778 1729 847 tale
1781 778 2167 847 beneficium
2202 782 2388 848 nobis

272 865 410 956 non
446 890 652 957 liceat.
695 892 796 958 Eo
827 894 1037 959 minus
1071 895 1287 985 itaque
1322 892 1482 969 iilud
1515 895 1583 960 in
1618 894 1803 962 bonis
1832 897 2177 986 protutoris
2216 895 2329 979 (3)
2352 938 2383 976 ,

269 1017 386 1071 aut
415 1006 814 1098 magistratus
846 1008 959 1098 qui
989 1019 1266 1074 tutorem
1297 1009 1646 1086 constituit,
1677 1007 1789 1092 (4)
1808 1061 1826 1090 ,
1860 1008 1958 1076 vel
1992 1011 2060 1074 in
2094 1008 2388 1078 ecclesia·-

268 1139 420 1184 rum
447 1117 1039 1189 administratorum
1074 1120 1290 1189 locum
1317 1123 1553 1188 habere
1589 1147 1801 1214 posse,
1839 1103 2244 1190 statuendum
2272 1137 2384 1192 est.

366 1232 674 1301 Concessa
709 1249 922 1303 autem
950 1248 1041 1304 est
1077 1237 1214 1305 haec
1249 1238 1609 1331 hypotheca
1643 1241 1713 1303 in
1750 1241 2150 1305 securitatem
2177 1243 2389 1306 omnis

278 1341 518 1423 debiti,
570 1345 745 1438 quod
783 1371 863 1416 ex
915 1347 1112 1415 tutela
1157 1349 1259 1419 vel
1313 1374 1468 1417 cura
1514 1363 1688 1444 gesta
1737 1349 2030 1417 adversus
2066 1351 2386 1444 pupillum

275 1459 704 1550 proficiscitur
756 1467 776 1543 (
792 1461 919 1547 5)·,
985 1467 1245 1555 ejusque
1301 1466 1561 1531 initium
1607 1467 1730 1531 erit
1782 1478 2027 1556 tempus
2083 1479 2382 1558 susceptae

202 1561 207 1566 ⁵
276 1575 379 1646 vel
432 1576 845 1669 suscipiendae
886 1576 1313 1672 neglectaeque
1355 1580 1915 1649 administrationis
1962 1581 2041 1669 (6
2048 1587 2101 1669 J.
2353 1565 2360 1568 “

364 1899 472 1980 (1)
516 1897 649 1961 Hoc
705 1899 889 1963 valde
943 1900 1205 1962 dubium
1251 1912 1345 1963 est
1374 1948 1392 1978 ‚
1453 1922 1606 1963 cum.
1655 1902 1905 1985 prodigi
1950 1902 2200 1964 furiosis
2253 1901 2385 1963 sint

274 2007 635 2087 aequiparati
668 2026 689 2085 3
757 2007 1115 2090 personale..-
1138 2007 1537 2090 privilegium
1606 2029 1721 2090 pro
1778 2006 1907 2068 illis
1970 2009 2035 2069 in
2097 2009 2383 2090 praetoris

276 2091 485 2174 edicto
524 2114 846 2175 inductum
885 2163 902 2191 ,
958 2114 1236 2197 prodigis
1275 2137 1389 2197 per
1430 2115 1999 2199 interpretationem
2046 2115 2384 2177 concedere

281 2217 565 2281 solebant
605 2233 845 2284 veteres
867 2222 1046 2300 JCti3
1079 2221 1124 2281 l.
1168 2222 1236 2283 15
1262 2268 1279 2297 ‚
1322 2220 1349 2304 ᾖ
1395 2243 1416 2281 1
1449 2269 1466 2297 ‚
1497 2223 1576 2282 D.
1614 2242 1686 2305 27
1716 2269 1734 2297 ‚
1789 2242 1856 2280 10
1888 2268 1905 2296 ‚
1951 2221 2062 2301 (de
2098 2233 2381 2284 curatore

279 2323 537 2408 furiosi)
564 2326 651 2407 31.
692 2350 764 2413 ¹9
786 2376 802 2407 ‚
842 2327 871 2412 §
909 2348 930 2388 1
960 2376 978 2407 ,
1008 2330 1087 2389 D.
1129 2326 1207 2407 42
1233 2370 1253 2404 ,
1279 2328 1316 2392 5
1339 2375 1357 2406 ‚
1386 2327 1507 2404 (de
1539 2328 1671 2391 reb.
1698 2339 1861 2389 auct.
1895 2327 2027 2412 jud.
2053 2329 2376 2412 possid.);

272 2453 339 2515 p.
383 2431 680 2518 147-153.
901 2510 905 2515 .

363 2544 470 2621 (2)
513 2541 648 2603 Hoc
679 2552 842 2604 certe
864 2545 1071 2626 negari
1099 2565 1223 2604 non
1253 2551 1461 2625 potest
1483 2591 1499 2620 ‚
1522 2541 1668 2603 licet
1692 2526 1819 2604 sint
1839 2543 2210 2626 interpretes
2228 2590 2245 2620 ,
2266 2544 2378 2627 qui

279 2647 551 2709 ecclesiis
602 2651 756 2712 adeo
812 2664 875 2713 et
927 2652 1285 2735 municipiis
1343 2648 1507 2712 hanc
1563 2649 1983 2734 hypothecam
2032 2661 2379 2735 competere

271 2765 519 2837 putant.

276 2902 281 2907 »
368 2863 473 2944 (3)
517 2860 894 2923 Difficillima
933 2861 1064 2924 haec
1102 2873 1196 2922 est
1243 2863 1499 2943 quaestio
1540 2884 1558 2922 ε
1605 2864 1900 2945 quoniam
1947 2861 2096 2946 legis
2134 2862 2381 2924 benefi-

276 2966 444 3026 cium
491 2966 695 3028 adhuc
758 2969 956 3052 magis
1012 2968 1420 3029 necessarium
1474 2978 1568 3029 est
1599 3015 1616 3045 ‚
1668 2969 1918 3051 quando
1964 2969 2158 3029 falsus
2205 2980 2382 3031 tutor

278 3093 378 3133 res
416 3075 590 3155 gerit.
642 3075 1100 3157 Argumentum
1146 3074 1404 3136 fortasse
1451 3077 1641 3157 quaeri
1684 3086 1887 3158 potest
1920 3092 2035 3158 pro
2074 3076 2381 3137 sententia

281 3178 650 3244 affirmativa
680 3203 750 3242 ex
778 3180 1171 3263 generalibus
1200 3179 1356 3263 legis
1385 3184 1583 3258 unic.,
1609 3180 1640 3265 §
1668 3202 1690 3241 ι
1722 3227 1744 3260 ,
1773 3182 1843 3242 C.
1876 3180 1912 3243 5
1940 3229 1957 3258 ,
1991 3183 2058 3242 13
2078 3230 2096 3259 ‚
2126 3181 2379 3261 νει-Μῦς

282 3288 488 3351 6ἰᾶεῆ
525 3311 589 3370 p.
640 3288 753 3351 156
776 3336 793 3365 ‚
823 3299 886 3350 et
917 3287 1202 3364 Gensler,
1244 3289 1314 3347 in
1346 3290 1598 3352 Archiv.
1643 3288 1783 3349 Jur.
1814 3287 1989 3349 civil.
2020 3290 2264 3359 Praxis
2306 3289 2375 3366 1,

279 3411 374 3457 κιο.
409 3415 484 3479 27
504 3443 522 3472 ,
545 3394 976 3458 affirmativam
1000 3395 1373 3457 sententiam
1399 3393 1767 3457 defendunt.
1803 3395 1966 3457 Vide
1991 3406 2054 3458 ct
2078 3395 2138 3458 J.
2154 3397 2374 3477 Bingo,

283 3505 356 3563 in
389 3503 598 3563 Diss.:
631 3503 733 3564 An
768 3501 1049 3585 pupillis·
1069 3505 1135 3563 in
1162 3503 1312 3565 bon.
1350 3524 1479 3564 eor.
1522 3503 1629 3585 qui
1674 3523 1790 3584 pro
1820 3514 2025 3564 tutore
2057 3512 2379 3586 gesserunt

282 3606 641 3693 hypotheca
674 3612 860 3671 tacita
901 3606 1256 3691 competat?
1292 3607 1717 3690 Heidelbergae
1759 3607 1955 3683 1816,
1996 3608 2247 3669 in-8vo.

363 3712 470 3792 (4)
503 3715 572 3774 L.
608 3737 630 3775 1
661 3764 678 3793 ,
704 3714 732 3798 ᾗ
771 3714 842 3793 ι4
866 3763 883 3792 ,
911 3717 990 3778 D.
1021 3737 1095 3799 27
1115 3764 1133 3791 ‚
1159 3714 1234 3788 8,
1269 3716 1383 3794 (de
1403 3713 1854 3795 magistratibus
1876 3712 2376 3793 conveniendis).

364 3823 479 3904 (5)
521 3824 591 3885 L.
654 3844 730 3883 2ο
781 3823 862 3885 C.
927 3821 1018 3898 5,
1072 3824 1208 3906 37,
1259 3823 1420 3900 cit.;
1477 3843 1611 3904 arg.
1659 3820 1705 3882 l.
1753 3820 1789 3882 5
1836 3818 1992 3903 §4,
2036 3819 2079 3879 l.
2131 3841 2173 3904 9
2221 3820 2251 3903 §
2299 3841 2372 3896 1,

278 3938 363 3999 D.
407 3956 511 4018 27,
564 3957 636 4017 7,
683 3936 803 4013 (de
837 3934 1253 3997 administrat.
1295 3945 1357 3996 et
1394 3931 1739 4014 periculo).

374 4040 484 4125 (6)
526 4038 678 4123 Arg.
717 4038 767 4102 l.
811 4038 886 4119 6,
926 4038 955 4123 ᾖ
998 4037 1040 4118 4
1074 4083 1097 4120 ,
1131 4038 1207 4115 C.
1248 4038 1327 4118 6,
1376 4038 1503 4119 61,
1541 4039 1660 4121 (de
1695 4037 1875 4107 bonis
1909 4057 2045 4122 quae
2083 4036 2369 4117 liberis).
