2893 4778
567 324 713 415 524
891 348 1398 400 comnenuan
1444 350 1647 398 mats
1697 349 1980 399 noMAm
2028 339 2348 402 rnivnt.

563 496 761 564 quam
790 471 885 538 rei
910 469 1190 541 defensio
1225 477 1522 537 nituntur
1554 522 1571 552 ‚
1623 470 1778 538 fides
1810 475 1869 538 ei
1911 473 2076 541 facta
2107 476 2189 541 sit
2218 487 2490 565 oportet.
2524 476 2683 544 Haec

567 585 719 654 fidei
760 587 1078 678 praestatio
1115 584 1475 678 appellatur
1514 587 1811 678 probatio
1844 636 1860 667 ‚
1900 600 1966 655 et
2008 613 2168 655 onus
2208 590 2527 681 probandi
2567 593 2679 657 in-

564 702 813 777 cumbit
862 702 922 768 ei
973 725 1055 767 ex
1108 701 1396 793 partibus
1438 699 1842 792 litigantibus
1872 746 1900 782 ,
1964 705 2078 793 qui
2123 703 2367 779 factum
2413 701 2679 797 aliquod

563 840 789 887 verum
831 839 957 883 esse
999 814 1340 908 praetendit
1378 864 1395 894 ,
1457 839 1591 905 quo
1630 820 1731 903 jus
1773 840 1960 901 suum
2002 819 2233 884 nititur
2265 869 2282 899 ,
2325 817 2524 884 altera
2581 821 2674 885 rei

561 934 911 1000 veritatem·
969 942 1263 1024 negante.
1341 928 1694 1022 Quousque
1763 930 2165 997 extendenda
2225 940 2308 999 sit
2360 932 2678 1025 probandi

561 1044 871 1138 obligatio
896 1094 914 1126 ,
962 1058 1028 1111 et
1071 1068 1366 1137 quaenam
1393 1042 1562 1111 facta
1629 1044 1709 1110 ab
1745 1057 1956 1111 actore
2011 1045 2114 1113 vel
2149 1071 2188 1112 a
2236 1070 2347 1113 reo
2388 1048 2515 1114 sint
2556 1047 2678 1114 de-

561 1159 971 1245 monstranda
991 1210 1008 1240 ,
1035 1156 1231 1247 judex
1252 1207 1269 1237 ,
1297 1158 1664 1223 examinatis
1696 1170 1830 1224 tam
1856 1159 2121 1225 actionis
2146 1161 2450 1227 institutae
2481 1184 2676 1252 quam

561 1278 1014 1369 exceptionum
1073 1283 1185 1339 aut
1248 1268 1737 1363 replicationum
1785 1271 2259 1340 conditionibus
2296 1325 2313 1355 ,
2367 1272 2676 1364 religione

558 1417 671 1459 sua
742 1390 1004 1457 definire
1073 1386 1264 1452 debet
1344 1398 1410 1451 et
1484 1410 1705 1451 curare
1741 1436 1758 1465 ‚
1841 1410 1924 1452 ne
2004 1408 2318 1480 ‘unquam
2409 1387 2678 1455 alteram

555 1519 806 1599 partem
827 1502 1309 1596 probationibus
1353 1512 1576 1565 oneret
1594 1549 1612 1579 ‚
1658 1500 1891 1592 quibus
1934 1499 2017 1569 ad
2068 1507 2168 1590 jus
2225 1527 2413 1570 suum
2450 1508 2672 1596 perse&

561 1618 891 1714 quendum
940 1615 1099 1709 opus
1136 1640 1270 1681 non
1306 1627 1400 1681 est
1449 1617 1585 1699 (1).

661 1757 806 1824 ¹90·
856 1720 1052 1799 Nulla
1109 1730 1404 1837 probatio
1414 1728 1697 1822 litiganti
1745 1728 1992 1799 factum
2051 1725 2317 1824 aliquod
2359 1731 2665 1798 asserenti

558 1850 807 1941 imponi
849 1858 1057 1939 potest
1096 1845 1270 1910 hisce
1307 1846 1376 1909 in
1429 1846 1675 1911 casibus
1711 1871 1728 1909 =

651 1986 712 2028 a.
732 1959 1016 2051 Quando
1036 1957 1425 2025 adversarius
1445 1960 1536 2024 rei
1555 1960 1891 2027 veritatem
1906 1958 2251 2027 confitetur
2272 1964 2354 2046 (v.
2372 1974 2473 2027 n0.
2503 1986 2526 2028 1
2539 1966 2674 2053 99).

651 2075 715 2143 ὅ.
759 2075 831 2144 Si
864 2075 1109 2142 factum
1153 2075 1478 2141 noto'rium'
1519 2072 1899 2165 publiceque
1941 2074 2354 2142 manifestum
2402 2077 2482 2142 sit
2529 2081 2664 2161 (2).

563 2306 783 2382 trieres
845 2318 1144 2406 quosdam
1190 2317 1413 2409 titulos
1467 2314 1722 2409 locaque
1793 2317 2004 2382 select.
2061 2318 2212 2404 juris
2268 2315 2476 2383 civilis
2514 2366 2532 2396 ‚
2594 2322 2671 2382 ed

529 2457 536 2462 ·
562 2429 635 2490 Β.
658 2427 912 2494 νοοτὶῑει
932 2473 952 2504 ,
978 2426 1269 2509 Lugduni
1297 2426 1513 2488 Batav.
1548 2429 1700 2512 1773
1720 2475 1738 2500 ,
1767 2426 1852 2505 4⁰.
1876 2477 1893 2504 ‚
1920 2451 1996 2511 p.
2020 2427 2337 2511 225-2923
2365 2439 2427 2488 et
2472 2428 2676 2489 Gliick

570 2515 988 2597 commentar.
1021 2534 1151 2597 vol.
1175 2534 1367 2610 XXI,
1400 2545 1445 2595 t.
1483 2557 1518 2595 2
1542 2582 1558 2611 ‚
1591 2546 1652 2595 et
1685 2535 1816 2598 vol.
1854 2537 2059 2598 XXII.
2089 2537 2412 2597 Didactice
2444 2549 2506 2597 et
2534 2536 2677 2619 phi-

564 2640 882 2726 losophice
920 2642 1000 2704 de
1034 2662 1108 2702 eo
1151 2652 1501 2705 tractavere
1541 2640 1800 2725 plurimi
1847 2643 2191 2704 Germaniae
2239 2655 2517 2706 auctores
2541 2692 2558 2718 ‚
2606 2657 2676 2705 ut

534 2777 542 2796 ν
569 2749 828 2826 Weber,
868 2769 998 2810 von
1021 2748 1272 2829 Globig.
1308 2746 1522 2825 Bofist,
1559 2750 1826 2811 Gensler
1848 2798 1867 2828 ,
1896 2770 2161 2833 quorum
2187 2753 2416 2834 scripta
2439 2750 2676 2817 indicat

564 2853 767 2920 Glioe‘k
801 2856 845 2916 l.
869 2877 925 2917 c.
957 2867 1109 2918 tom.
1150 2856 1306 2918 XXI
1335 2899 1353 2933 ‚
1395 2878 1460 2938 p.
1495 2859 1612 2919 230
1640 2905 1657 2933 ‚
1700 2867 1763 2919 et
1800 2857 1969 2940 apud
1988 2869 2224 2919 exteros
2251 2860 2669 2920 recentissime

556 2961 1019 3023 illustrissimus
1058 2962 1124 3023 J.
1166 2963 1478 3024 Bentham
1503 3004 1530 3040 ,
1578 2962 1795 3025 Traite'
1829 2966 1934 3025 des
1966 2986 2223 3049 preuves
2251 2943 2622 3046 judz‘cidires
2644 3014 2663 3039 ‚

551 3071 779 3153 publie'
800 3092 933 3155 pat·
960 3068 1241 3132 Damont
1270 3068 1349 3131 de
1393 3072 1634 3132 Geneve
1663 3094 1687 3149 ‚-
1731 3073 1924 3134 Paris
1982 3072 2135 3135 1823
2163 3118 2181 3150 ,
2231 3092 2268 3133 2
2305 3072 2432 3134 vol.
2474 3074 2542 3133 in
2580 3072 2670 3135 8⁰.

644 3176 748 3261 (1)
795 3177 999 3239 Habes
1050 3176 1327 3261 exempla
1376 3180 1444 3239 in
1480 3177 1525 3239 l.
1586 3200 1670 3262 9,
1736 3198 1806 3240 21
1853 3225 1871 3256 ,
1922 3178 2039 3257 25,
2105 3178 2136 3261 §¹
2185 3199 2221 3239 2
2255 3226 2274 3255 ,
2322 3179 2398 3241 D.
2450 3179 2518 3241 h.
2560 3191 2667 3257 ις

559 3279 603 3344 l.
658 3305 683 3343 1
725 3328 744 3359 ‚
786 3304 824 3344 2
861 3330 879 3360 ‚
908 3304 951 3366 9
984 3327 1002 3357 ,
1051 3303 1130 3344 20
1155 3331 1173 3361 ,
1212 3283 1284 3343 C.
1320 3283 1458 3345 eod.
1496 3282 1644 3346 Non
1678 3284 1881 3345 solum
1914 3287 2021 3367 qui
2051 3285 2410 3361 affirmando
2447 3288 2688 3346 asserit·

555 3390 821 3473 probare
847 3388 1030 3451 debet
1059 3436 1078 3467 ‚
1122 3389 1230 3451 sed
1259 3392 1446 3451 etiam
1476 3394 1586 3473 qui
1625 3391 1909 3473 negando
1944 3383 2022 3453 ad
2061 3394 2294 3453 factum'
2321 3373 2620 3473 provocat
2651 3440 2669 3469 ,

554 3518 627 3559 ex
671 3518 795 3579 quo
835 3499 927 3579 jus
971 3517 1151 3558 suum
1197 3496 1501 3558 deducere
1538 3499 1764 3560 studet.
1810 3495 1881 3558 L.
1928 3498 1965 3560 5
1993 3545 2010 3575 ,
2053 3497 2094 3561 8
2126 3547 2142 3575 ‚
2196 3499 2311 3573 15,
2343 3499 2422 3559 D.
2459 3496 2525 3557 h.
2552 3507 2671 3580 ‘t.;

554 3603 602 3664 l.
655 3624 718 3664 11
745 3643 772 3678 ,
820 3604 890 3664 13
918 3650 935 3678 ,
971 3602 1044 3681 14
1070 3650 1086 3678 ,
1119 3603 1190 3663 C.
1222 3603 1405 3682 eod.3
1435 3602 1478 3664 l.
1520 3625 1590 3665 10
1615 3650 1633 3679 ,
1662 3607 1741 3664 D.
1785 3603 1901 3682 45,
1938 3628 1959 3665 1
1995 3645 2022 3681 ,
2054 3605 2181 3685 (de
2208 3605 2382 3667 verb.
2419 3605 2668 3687 oblig.).

553 3710 767 3792 Neque
808 3709 1060 3770 obstant
1100 3709 1143 3769 l.
1190 3728 1226 3768 2
1251 3754 1269 3781 ,
1304 3699 1411 3802 aD.
1441 3721 1505 3771 et
1541 3709 1586 3772 l'.
1632 3689 1754 3787 23,
1788 3689 1869 3771 C.
1905 3711 1977 3774 h.
2017 3723 2068 3773 t.
2107 3722 2273 3772 recte
2316 3709 2675 3772 intellectae.

552 3813 715 3877 Vide
741 3816 1043 3891 Gens-ler,
1075 3817 1164 3876 im
1189 3816 1356 3878 civil.
1384 3817 1633 3879 Archiv.
1666 3839 1731 3902 p.
1768 3816 1887 3897 264
1907 3819 2120 3901 etseq.
2156 3840 2177 3898 3
2223 3818 2460 3895 Gtiick,
2489 3820 2681 3879 Com-

487 3989 490 3994 1
545 3937 816 3984 mentor.
867 3922 911 3986 l.
951 3945 1005 3986 c.
1049 3944 1113 4007 p.
1164 3919 1379 4003 24401
1417 3948 1545 4009 seq.

634 4032 737 4111 (2)
780 4030 914 4092 Hoc
948 4036 1084 4113 jure
1117 4054 1376 4094 romano
1417 4036 1754 4116 expressim
1799 4058 1925 4098 non
1957 4036 2352 4118 praecipitur,
2395 4033 2501 4095 sed
2536 4036 2675 4116 jure

552 4138 888 4217 canonic03
916 4159 971 4201 c.
1007 4139 1044 4204 3
1068 4181 1091 4219 ,
1120 4138 1212 4216 X,
1254 4158 1326 4218 2,
1363 4160 1439 4199 20
1465 4188 1483 4217 ,
1520 4142 1640 4220 (de
1665 4139 1994 4220 testibus).
2027 4143 2338 4203 Videatur
2366 4139 2671 4218 Quincti-
