2893 4778
878 278 1094 330 mnan
1143 279 1226 328 11.
1281 294 1374 311 -·—
1440 279 1595 329 car.
1649 279 1705 330 1.
2215 259 2357 339 585

249 432 374 503 qua
443 383 705 474 caututn
758 416 895 472 erat
926 455 944 486 ,
1010 417 1085 471 ut
1141 406 1535 497 praediorum
1596 428 1746 473 usus
1811 430 1929 500 per
1977 396 2314 479 biennium
2340 460 2359 491 ,

251 539 605 593 ceterarum
685 544 906 587 rerum
1001 539 1117 611 per
1194 546 1441 587 annum
1484 573 1501 602 ,
1578 521 1945 613 legitimum
2024 524 2362 594 dominum

251 639 488 708 faceret
535 660 718 717 eum,
782 636 898 726 qui
950 635 1022 702 in
1062 636 1250 702 bonis
1286 636 1394 701 illa
1431 634 1752 704 habuisset
1804 640 1950 724 (1).
2015 640 2174 706 Inde
2226 642 2364 710 haee

254 753 584 847 acquisitio
661 752 966 842 usucapio
1019 749 1195 817 dicta
1255 764 1392 818 erat
1419 802 1438 830 ‚
1529 776 1797 845 eamq-ue
1859 757 2209 846 praesertim
2282 756 2365 823 ob

255 893 507 938 causam
564 849 856 958 recepta,
909 876 987 932 ut
1040 863 1328 931 naturale
1378 889 1596 932 rerum
1652 865 2010 936 dominium
2077 872 2161 935 iu
2205 894 2366 963 pro·

256 984 594 1079 prietatem
625 1005 706 1047 ex
737 982 877 1070 iure
922 977 1285 1070 Quiritium
1338 980 1833 1049 transformaret.

345 1100 434 1165 P1
437 1111 698 1175 aeterea
727 1120 806 1161 ne
836 1094 1120 1162 dominia
1148 1094 1384 1162 diutius
1437 1096 1507 1161 in
1554 1097 1798 1164 incerto
1839 1107 2041 1164 essent
2076 1101 2227 1182 (2),
2273 1121 2370 1167 res
2433 1166 2436 1169 ,

261 1214 480 1282 alienae
510 1213 680 1277 bona
724 1208 850 1278 fide
857 1231 1202 1301 possessae,
1249 1234 1366 1276 nec
1395 1208 1689 1302 legitimo
1717 1225 2000 1305 tempore
2030 1212 2375 1281 vindicata

262 1328 486 1395 eodem
527 1324 720 1392 modo
776 1323 1237 1416 possidentibus
1281 1327 1776 1415 acquirebantur
1798 1376 1815 1406 ‚
1878 1352 2028 1394 cum
2075 1330 2375 1395 omnibus

264 1440 591 1516 oneribus,
636 1436 868 1530 quibus
897 1450 1173 1529 gravatae
1209 1450 1429 1504 essent.
1474 1438 1583 1506 Ad
1618 1438 2102 1518 similitudinem
2141 1461 2377 1507 usuca-

266 1555 476 1649 pionis
501 1576 620 1644 pro
649 1551 902 1643 praediis
931 1550 1433 1643 provincialibus
1462 1552 1821 1621 introducta
1847 1552 1957 1639 (3)
1979 1603 1996 1635 ‚
2042 1573 2107 1619 et
2135 1554 2216 1620 ad
2241 1578 2380 1623 mo·-

264 1668 422 1735 biles
479 1671 579 1733 'res
633 1667 785 1732 dein
829 1679 1088 1732 extensa
1131 1679 1223 1731 est
1269 1665 1450 1758 longi
1480 1670 1781 1760 temporis
1820 1670 2210 1761 praescriptio
2251 1671 2377 1755 (4),

213 1811 216 1812 ⁷
268 1801 412 1876 quae
457 1778 861 1874 possessiones
898 1803 1122 1845 eorum
1159 1780 1456 1854 firmabat
1479 1833 1495 1862 ‚
1546 1785 1660 1874 qui
1705 1782 1839 1849 illas
1878 1805 1975 1850 res
2021 1787 2159 1871 jure
2208 1783 2382 1851 civili

271 1899 598 1989 acquirere
645 1920 776 1963 non
812 1908 1107 1987 poterant
1160 1897 1300 1978 (5).
1348 1896 1387 1960 J
1390 1896 1739 1965 ustinianus
1778 1910 2118 1989 utramque
2152 1898 2379 1989 acqui-
2414 1886 2419 1892 ’

271 2014 568 2080 sitionem
603 2012 669 2074 in
712 2034 916 2075 unum
956 2009 1255 2075 conflavit
1304 2007 1417 2093 (6)
1443 2059 1460 2086 ,
1494 2010 1776 2075 sanciens
1811 2036 1828 2074 x
1871 2022 1946 2076 ut
1984 2033 2083 2074 res
2118 2010 2384 2076 mobiles

273 2152 390 2221 per
415 2126 797 2206 triennium,
825 2123 1063 2215 praedia
1106 2147 1223 2213 per
1266 2111 1489 2187 deceni
1537 2145 1733 2189 annos
1783 2124 1952 2189 inter
1995 2134 2330 2215 praesentes
2353 2171 2372 2204 ‚

273 2267 392 2334 per
419 2241 648 2332 viginti
695 2263 850 2306 vero
898 2240 1063 2304 inter
1102 2238 1385 2346 absentes
1412 2238 1711 2303 continue
1755 2259 2044 2330 possessae
2067 2285 2084 2318 ,
2122 2241 2178 2304 ei
2200 2286 2216 2316 ,
2266 2240 2385 2331 qui

234 2476 237 2478 ’
355 2465 435 2545 (ι
465 2465 484 2545 )
530 2461 735 2523 Verba
768 2460 917 2542 legis
947 2462 1135 2523 refert
1179 2461 1395 2521 Cicero
1430 2479 1546 2543 pro
1579 2462 1913 2524 Caecinae.
1955 2482 2027 2548 19
2055 2480 2074 2542 3
2107 2460 2383 2549 Topica,

281 2597 336 2635 c.
384 2572 443 2652 4.
495 2575 587 2634 De
629 2594 774 2634 vero
812 2594 1023 2632 eorum
1070 2593 1250 2633 sensu
1295 2570 1559 2632 multum
1610 2571 2015 2654 disputatur3
2076 2574 2221 2636 vide
2266 2593 2386 2637 no-

281 2684 534 2767 yissime
571 2680 907 2755 Balllzorn‚
955 2677 1103 2738 iiber
1127 2680 1478 2742 dominium
1503 2723 1519 2756 ,
1565 2701 1702 2763 pag.
1739 2680 2063 2763 233-2953
2098 2678 2384 2762 Ptechai,

282 2790 447 2850 civzl.
501 2786 861 2863 Abhandl„
919 2807 1056 2868 pag.
1119 2785 1234 2863 25-
1241 2785 1317 2865 43
1358 2807 1377 2865 3
1456 2798 1518 2846 et
1579 2808 1734 2869 opus
1805 2787 2383 2870 pnaestantissimum

283 2896 375 2958 H.
429 2897 514 2957 E.
552 2893 891 2985 Didus-en,
915 2910 1029 2952 zur·
1086 2893 1283 2953 Crzcik
1316 2890 1428 2953 der
1452 2891 1580 2955 XII
1613 2891 1761 2975 Taf
1774 2896 2082 2976 fragm
2127 2896 2387 2981 Leipzig

292 3000 496 3081 1824
556 3023 696 3084 pas·
758 2995 913 3083 407
884 2995 1040 3077 -184

371 3111 487 3191 (2)
534 3042 1175 3188 Gaj.11§43,44;
1223 3102 1266 3166 l.
1327 3125 1349 3167 ι
1397 3154 1413 3181 ,
1462 3103 1541 3166 D.
1588 3102 1652 3167 h.
1703 3106 1751 3171 t.

371 3216 492 3297 (3)
537 3215 669 3275 Hoc
708 3215 930 3294 conjici
961 3223 1161 3294 potest
1203 3211 1272 3273 ex
1307 3214 1441 3297 ipsa
1481 3217 1836 3277 extensione
1859 3211 2057 3279 adres
2089 3211 2387 3300 mobiles3

296 3322 747 3387 Unterlzolzner
779 3320 805 3402 §
852 3318 923 3397 41
963 3366 980 3395 ,
1022 3331 1112 3379 n0.
1153 3340 1208 3381 2.

309 3516 322 3529 ι
370 3428 484 3513 (4)
527 3432 596 3489 L.
646 3450 727 3511 9,
761 3428 842 3487 D.
875 3424 1001 3506 44,
1059 3428 1132 3502 3,
1177 3418 1302 3499 (de
1336 3424 1466 3517 div.
1509 3435 1700 3508 temp.
1744 3427 2048 3511 praescrip.
2076 3430 2135 3512 ).

372 3541 481 3618 (5)
525 3538 796 3617 Tempus
854 3533 1403 3595 constitutionibus
1459 3534 1813 3615 principum
1873 3534 2200 3599 definitum
2258 3556 2390 3605 essa

287 3643 823 3726 videuu31.76§
860 3664 932 3719 1,
966 3644 1048 3704 D.
1090 3641 1200 3719 18,
1250 3662 1276 3705 ι
1310 3644 1446 3726 (de
1469 3643 1885 3712 contrahenda
1915 3648 2153 3736 emt.)3
2189 3644 2383 3733 Paul,

282 3770 409 3815 rec.
451 3763 608 3813 sent.
636 3751 741 3828 V,
793 3771 873 3830 2,
917 3749 946 3835 §
991 3752 1047 3815 3.

374 3859 490 3939 (6)
534 3857 639 3920 Pr.
672 3858 720 3918 Ι.
759 3858 826 3920 h.
858 3868 955 3919 t.·
940 3857 1027 3939 ,.l
1060 3878 1167 3920 un.
1196 3859 1265 3922 C.
1293 3878 1379 3943 7,
1413 3860 1484 3921 31
1531 3860 1659 3940 (de
1683 3858 2056 3958 usucapione
2087 3859 2391 3935 transfor

289 3969 539 4031 manda.
566 3971 641 4047 )·,
684 3963 1197 4048 Unterholzner§
1243 3962 1370 4044 64,
1400 3985 1472 4026 11⁰
1598 3966 1718 4049 3.l
1775 3968 1816 4028 8
1861 3990 1958 4049 pr.
2009 3969 2080 4030 C.
2126 3989 2208 4065 7,
2262 3972 2388 4053 39,

292 4075 428 4161 (de
473 4077 620 4157 trig.
658 4073 760 4136 vel
802 4073 990 4166 quad.
1034 4095 1180 4134 ann.
1224 4076 1560 4156 prat-script.
1588 4010 1640 4150 )’.

1926 4181 2015 4267 25
