2893 4778
899 315 1118 362 nata
1171 316 1251 361 11.
1308 329 1399 345 —-
1454 315 1611 364 cn.
1659 317 1714 363 1.
2200 294 2360 393 409

249 437 415 504 dum
459 460 588 503 esse
639 423 709 501 in
752 434 1063 501 inchoatae
1092 433 1219 502 litis
1251 437 1590 528 impensaS,
1634 439 1684 502 si
1723 449 1863 529 post
1903 435 2082 504 litem
2106 454 2360 507 contes-

252 565 450 618 tatam
487 549 751 617 demum
794 552 886 615 rei
921 548 1288 618 ,dominium
1334 553 1707 642 acquireret.

343 665 416 732 Si
464 676 679 732 tamen
722 687 889 730 nova
934 662 1354 756 interpellatio
1377 714 1393 743 ,
1432 670 1644 754 priore
1683 667 2113 732 controversia
2168 666 2359 733 dem—

253 777 436 858 licta,
491 776 676 843 'facta
719 780 834 857 sit,
879 800 1030 842 cum
1062 801 1161 843 res
1215 779 1648 868 acquireretur
1682 779 1982 870 petitori,
2037 778 2123 845 ad
2159 780 2360 847 'finem

251 891 327 957 lis
371 889 661 958 ducenda
690 903 786 957 est
839 895 972 973 (1).
1169 971 1177 979 „
1827 981 1835 988 ι

380 1009 687 1073 Ceterum
748 1005 842 1072 nil
899 1008 1158 1072 interest
1176 1058 1195 1087 ‚
1263 1005 1597 1075 vindicans
1656 1006 2067 1075 irrevocabile
2132 1008 2365 1077 habeat

257 1121 616 1188 dominium
634 1172 652 1202 ,
715 1146 795 1186 an
861 1118 1215 1188 revocabile
1247 1171 1264 1202 ,
1319 1120 1585 1213 plenum
1645 1146 1729 1186 an
1789 1124 1999 1189 minus
2061 1122 2361 1215 plenum3

255 1248 475 1301 utrum
531 1225 695 1302 solus
742 1237 835 1301 rei
881 1234 1177 1303 dominus
1222 1236 1341 1316 sit,
1376 1261 1463 1301 an
1514 1259 1612 1302 res
1671 1238 1790 1328 ipsi
1841 1261 1988 1302 cum
2051 1236 2188 1303 aliis
2237 1263 2360 1329 pro

252 1348 528 1417 indiviso
565 1350 648 1416 sit
676 1353 1030 1416 communis
1070 1355 1206 1436 (2).

349 1460 507 1550 269.
580 1461 933 1530 Conveniri
1007 1465 1118 1557 rei·
1158 1461 1586 1530 vindicatione
1640 1476 1848 1556 potest
1887 1462 2007 1550 (3)
2056 1465 2167 1555 qui
2225 1490 2364 1531 rem

257 1572 541 1655 detinet,
585 1576 716 1641 sive
760 1573 1070 1666 possideat
1091 1625 1108 1655 ,
1148 1576 1275 1642 sive
1321 1577 1391 1640 in
1435 1577 1816 1667 possessione
1856 1588 2105 1644 tantum
2141 1580 2224 1643 sit
2253 1576 2363 1661 (4).

358 1690 484 1755 Hic
516 1702 730 1756 tamen
760 1703 1084 1757 auctorem
1128 1715 1315 1757 suum
1367 1690 1792 1772 nominando,
1831 1694 1872 1757 i.
1920 1718 1974 1759 e.
2012 1717 2159 1759 eum
2199 1693 2369 1759 indi-

261 1805 504 1886 cando,
545 1811 719 1893 cujus
758 1810 1015 1875 nomine
1043 1808 1353 1901 possidet,
1388 1834 1423 1874 a
1452 1808 1695 1898 judicio
1731 1809 1988 1876 liberari
2010 1821 2216 1902 potest
2256 1810 2385 1895 (5),

335 1920 675 1988 ‘Possidere
702 1935 917 1990 autem
951 1946 1094 1988 reus
1121 1922 1311 1988 debet
1328 1935 1393 1989 et
1421 1922 1550 1991 litis
1587 1936 1948 1990 contestatae
1993 1938 2277 2015 tempore
2303 1936 2370 1989 et

265 2017 511 2128 quoires
527 2034 876 2122 judicatum
911 2035 1084 2127 quod
1120 2038 1172 2102 si
1200 2036 1332 2103 litis
1359 2050 1721 2104 contestatae
1741 2048 2023 2129 tempore
2044 2037 2317 2130 possidet
2337 2079 2366 2119 -,

266 2175 415 2217 cum
433 2164 644 2217 autem
672 2176 767 2218 res
790 2150 1129 2238 judicatur,
1145 2154 1279 2217 sine
1298 2149 1449 2217 dolo
1465 2149 1635 2216 malo
1661 2148 1869 2216 amisit
1886 2152 2334 2243 possessionem
2349 2202 2366 2228 ,

267 2262 681 2331 absolvendus
718 2276 847 2347 est3
899 2276 1122 2331 contra
1163 2287 1313 2331 vero
1353 2261 1873 2329 condemnandus
1895 2313 1912 2342 ,
1955 2263 2005 2328 si
2051 2261 2177 2329 litis
2214 2286 2371 2329 con-

264 2391 506 2446 testatae
556 2391 838 2472 tempore
885 2403 1016 2446 non
1041 2376 1315 2470 possedit
1336 2429 1353 2459 ,
1400 2402 1531 2469 quo
1591 2386 1805 2444 autem
1854 2373 2172 2465 judicatur
2215 2402 2329 2469 pos
2348 2418 2371 2433 -

358 2796 470 2880 (1)
512 2798 699 2883 Arg.,
731 2799 774 2860 l.
809 2802 923 2876 23,
958 2802 1038 2862 D.
1072 2800 1141 2876 5,
1190 2822 1214 2863 1
1241 2847 1259 2877 ,
1302 2800 1428 2884 (de
1463 2799 1708 2880 judiciis
1737 2801 1812 2877 );
1857 2820 1986 2882 arg.
2026 2780 2081 2861 l.
2114 2822 2185 2883 7³
2235 2798 2370 2884 §⁴7,

270 2903 355 2963 D.
414 2926 516 2982 no,
556 2905 631 2984 4,
674 2908 992 2991 (citatae)3
1035 2908 1350 2984 VinniuS,
1391 2906 1471 2968 ad
1512 2906 1541 2989 §
1589 2928 1613 2967 1
1653 2952 1671 2982 ,
1720 2907 1774 2966 1.
1821 2906 1951 2986 (de
1976 2905 2268 2966 actionib.
2301 2911 2371 2982 ),

274 3023 399 3070 nro,
458 3012 575 3092 163
643 3014 842 3075 Gliick
874 3063 892 3091 ,
954 3014 1002 3076 l.
1059 3035 1114 3075 c.
1175 3025 1291 3074 nm.
1360 3012 1496 3092 148.
1568 3013 1956 3074 Contrariam
2010 3013 2377 3073 sententiam

271 3117 602 3197 profitetur
648 3142 790 3181 cum
840 3120 1051 3183 multis
1095 3119 1514 3202 Westenberg
1544 3166 1561 3196 ,
1626 3119 1696 3185 h.
1744 3129 1793 3180 t.
1841 3118 1870 3201 §
1914 3140 1976 3201 9.
2030 3119 2140 3177 Jus
2187 3139 2377 3177 cano-

272 3232 484 3294 nicum
535 3234 691 3295 duos
748 3256 921 3299 casus
973 3238 1041 3296 in
1105 3234 1227 3296 hac
1298 3237 1635 3317 quaestione
1702 3232 1996 3294 solvenda
2054 3232 2380 3313 distinguit

273 3339 346 3398 in
389 3360 444 3400 c.
494 3342 579 3420 3,
636 3344 705 3402 in
747 3340 953 3417 Vlto,
1011 3341 1121 3402 lib.
1188 3362 1249 3401 2.
1299 3344 1403 3403 tit.
1463 3337 1579 3417 14,
1642 3337 1768 3419 (de
1822 3340 2147 3399 sententiis
2204 3350 2266 3399 et
2312 3360 2378 3399 re

216 3465 231 3483 ⁹
275 3445 548 3525 iudicata
570 3449 615 3527 ).

359 3552 470 3633 (2)
513 3552 724 3632 L.66‚
775 3554 951 3617 D.h.
994 3565 1042 3617 t.
1070 3574 1091 3633 3
1123 3553 1168 3615 l.
1198 3550 1309 3630 25,
1338 3552 1418 3613 D.
1457 3550 1568 3630 50,
1607 3551 1703 3629 16,
1742 3549 1865 3625 (de
1910 3551 2084 3615 verb.
2129 3550 2377 3633 sign.);'
2407 3606 2425 3629 ς

278 3655 325 3718 l.
367 3657 497 3734 35,
547 3658 699 3740 §3,
753 3661 801 3722 l.
855 3661 978 3745 76,
1026 3662 1109 3723 D.
1158 3660 1226 3721 h.
1269 3671 1321 3723 t.

363 3788 480 3871 (3)
532 3791 830 3870 Pothier,
880 3792 925 3854 l.
972 3814 1030 3853 c.
1074 3793 1180 3856 υἷ’.
1207 3788 1524 3875 298-306;
1551 3782 1784 3866 Gliick,
1825 3787 1870 3851 l.
1896 3810 1951 3849 c.
1983 3811 2047 3871 p.
2087 3808 2379 3871 191-212.·

366 3922 470 4004 (4)
510 3926 579 3987 L.
635 3948 718 4009 9,
767 3926 847 3990 36
874 3949 1012 4010 pn,
1047 3928 1127 3987 D.
1160 3926 1227 3988 h.
1257 3937 1304 3988 t.
1333 3947 1353 4004 ς
1383 3925 1472 4009 §2
1515 3923 1674 4003 Lai,
1721 3923 1801 4001 6,
1847 3924 1981 4006 (tit.
2022 3922 2193 4004 cit.).

365 4056 474 4139 (5)
515 4058 584 4118 L.
625 4078 660 4118 2
684 4105 701 4136 ,
735 4060 807 4123 C.
836 4060 911 4139 3,
947 4079 1022 4143 ¹9
1067 4054 1224 4135 (ubi
1267 4060 1334 4119 in
1371 4078 1502 4120 rem
1525 4058 1685 4121 actio
1711 4056 1971 4121 exerceri
1998 4055 2283 4138 debeat).
