2893 4778
550 337 630 387 12
846 335 1357 390 COMMENTARII
1406 337 1608 387 JURIS
1663 333 1947 387 ROMAE!
1997 336 2313 390 PRIVATL

1036 427 1043 434 ’
1456 460 1487 544 §
1553 458 1722 525 v11.

858 598 976 666 De
1015 596 1165 689 Iege
1206 591 1391 664 Julia
1441 610 1513 660 et
1562 594 1788 689 Papia
1832 596 2136 689 Poppaea
2184 602 2316 684 (ι).

622 722 802 807 Inter
850 739 1244 832 gravissimas
1292 737 1731 807 Romanorum
1794 736 1963 832 leges
2014 738 2241 807 referri
2293 736 2484 805 debet
2542 736 2650 805 lex

537 851 724 944 Iulia
769 866 833 922 et
883 853 1108 946 Papia
1160 851 1467 945 Poppcea
1526 850 1604 918 de
1659 851 2033 919 maritandis
2078 850 2409 920 ordinibus
2461 863 2529 918 et
2567 850 2649 917 de

536 969 741 1059 poenis
765 965 1089 1033 coelibatus
1113 978 1178 1032 et
1200 966 1510 1032 orbitatis.
1549 967 1711 1033 Lata
1740 978 1833 1034 est
1861 967 1981 1034 sub
2011 969 2344 1061 Auguste,
2386 948 2649 1057 ejusque

538 1081 683 1147 finis
715 1093 852 1148 erat
876 1080 1269 1147 conservatio
1298 1103 1578 1147 romanae
1611 1082 1816 1173 gentis
1842 1133 1859 1162 ,
1882 1105 2032 1161 cum
2062 1076 2467 1147 matrimonia
2487 1129 2504 1159 ‚
2536 1076 2650 1144 illa

535 1216 797 1265 morum
831 1194 1240 1287 corruptione
1278 1191 1496 1260 odiosa
1536 1194 1756 1261 habita
1778 1245 1794 1274 ,
1841 1195 1957 1260 sub
1992 1197 2196 1287 poenis
2238 1195 2615 1284 juberentur
2629 1242 2649 1273 ,

536 1322 604 1377 et
647 1309 997 1377 liberorum
1030 1310 1291 1400 praemia
1329 1307 1650 1378 darentur.
1690 1307 1965 1376 Coelibes
1998 1361 2016 1390 ‚
2058 1324 2124 1377 et
2155 1311 2268 1402 qui
2298 1308 2528 1375 liberos
2565 1331 2651 1374 ex

538 1423 957 1490 matrimoniis
993 1447 1127 1489 non
1162 1423 1474 1490 haberent
1493 1475 1511 1505 ‚
1555 1447 1777 1490 eorum
1793 1475 1811 1505 ‚
1850 1446 1993 1516 quae
2032 1425 2111 1491 iis
2152 1425 2223 1489 in
2264 1423 2653 1492 testamentis

418 1616 425 1629 ἱ
538 1535 1089 1628 relinquerentur,
1138 1536 1361 1609 velnil
1373 1583 1401 1619 ,
1443 1536 1548 1606 vel
1573 1537 1849 1605 solidum
1882 1562 2105 1632 capere
2133 1561 2267 1606 non
2297 1548 2593 1629 poterant
2629 1561 2650 1602 ε

538 1647 921 1716 hereditates
967 1651 1167 1742 igitur
1225 1663 1291 1717 et
1335 1649 1541 1749 legata
1589 1663 1897 1743 tanquam
1944 1649 2184 1719 caduca
2223 1650 2307 1717 ad
2356 1653 2656 1723 aerarium

534 1765 761 1857 populi
815 1763 917 1833 vel
972 1763 1055 1831 ad
1123 1764 1350 1834 fiscum
1408 1764 1877 1832 deferebantur.
1930 1765 2220 1833 Honores
2269 1763 2504 1832 diversi
2574 1765 2655 1833 iis

536 1879 1082 1973 promittebantur
1100 1924 1128 1960 ,
1193 1883 1307 1972 qui
1352 1877 1585 1951 liberos
1642 1880 1982 1951 habebant.
2046 1881 2323 1972 Quantae
2379 1879 2531 1946 inde
2579 1880 2684 1967 inq
2774 1919 2786 1929 ·

537 2005 680 2062 toto
737 1997 874 2082 jure
919 1995 1169 2088 privato
1226 1995 1640 2062 mutationes!
1691 1994 2107 2060 Accuratiora
2159 1993 2389 2060 harum
2430 1991 2655 2086 legum

537 2122 856 2205 praecepta
896 2109 979 2174 ab
1036 2109 1401 2176 auctoribus
1421 2159 1438 2189 ‚
1496 2108 1613 2200 qui
1660 2130 1764 2174 eas
1813 2109 2257 2190 restituerunt,
2305 2106 2462 2174 disci
2493 2131 2655 2200 pos·-

539 2237 693 2289 sunt
741 2228 882 2309 (2).
928 2223 1192 2316 Optime
1228 2226 1300 2291 in
1344 2224 1514 2307 hanc
1565 2248 1705 2295 rem
1746 2225 2061 2305 incumbit
2082 2274 2100 2305 ‚
2144 2235 2285 2316 post
2336 2224 2654 2294 Iacobum

544 2321 1020 2408 Gotbofredum
1064 2337 1210 2425 (3),
1244 2337 1300 2405 J.
1333 2337 1415 2405 G.
1462 2339 1834 2406 Heineccius
1867 2339 2005 2426 (4).
2053 2338 2301 2410 Sensim
2342 2363 2415 2408 ea
2455 2337 2652 2412 lexin

543 2451 1026 2521 desuetudinem
1086 2456 1291 2541 abiit3
1348 2456 1740 2523 lastinianus
1801 2454 2076 2547 denique
2131 2457 2652 2528 constitutionem

544 2563 628 2632 de
663 2567 913 2643 caducis
946 2566 1242 2635 tollendis
1288 2569 1498 2635 emisit
1544 2567 1617 2656 (5
1636 2574 1679 2656 ).

631 2788 740 2871 (ι)
783 2787 1071 2863 Haubold
1115 2789 1266 2850 Inst.
1316 2786 1467 2849 hist.
1508 2787 1648 2871 dog.
1696 2786 1726 2871 §
1774 2785 2076 2852 213-216.
2125 2789 2281 2872 Inst.
2322 2787 2648 2868 literariae‚

546 2910 613 2981 p.
649 2901 791 2984 317.
823 2898 1013 2959 Bach.
1047 2898 1126 2959 H.
1161 2900 1207 2980 j.
1254 2896 1391 2959 Lib.
1429 2899 1553 2979 111,
1593 2920 1649 2962 c.
1702 2920 1753 2962 1.
1799 2910 1948 2962 sect.
1999 2919 2063 2964 11
2094 2946 2112 2978 ,
2155 2900 2277 2984 §7.
2315 2899 2382 2962 8.
2425 2899 2649 2983 Hugo,

548 3003 712 3066 Hist.
758 3008 879 3087 jur.
927 3003 957 3087 §
1001 3004 1141 3088 295.

610 3111 739 3192 (2)
785 3110 949 3172 Vide
979 3110 1170 3172 Bach.
1206 3132 1270 3193 p.
1313 3111 1432 3190 326
1475 3110 1634 3196 347ss

633 3218 738 3299 (3)
780 3217 1134 3279 Thesaurus
1166 3218 1464 3296 Ottonis3
1505 3220 1583 3279 T.
1627 3219 1751 3296 m,
1800 3197 1865 3302 p.
1908 3216 2114 3297 1-254.
2162 3217 2352 3303 ejusd.
2385 3218 2645 3281 Gothos.

553 3322 768 3408 Opera
820 3327 1102 3401 minora,
1141 3325 1241 3387 ed.
1288 3326 1516 3402 Trotz,
1561 3349 1625 3408 p.
1689 3325 1902 3406 1-254.

634 3431 745 3516 (4)
787 3431 1102 3494 Heineccii
1136 3434 1571 3499 commentatio
1618 3433 1697 3494 ad
1742 3433 1941 3516 legem
1979 3433 2238 3517 Papiam
2287 3415 2654 3517 Poppaeam,

551 3538 894 3602 Amstelod.
956 3539 1129 3624 1726.
1192 3541 1258 3600 in
1296 3539 1486 3623 Oper.
1534 3541 1610 3601 T.
1649 3539 1788 3601 Vll.
1836 3541 2411 3624 praestantissimum
2466 3541 2660 3623 hujus

513 3649 823 3712 lauctoris
858 3668 1014 3730 opus
1056 3645 1344 3709 habetur.

639 3755 742 3837 (5)
783 3755 854 3819 L.
888 3776 998 3816 un.
1041 3756 1117 3817 C.
1157 3754 1218 3816 6.
1266 3752 1369 3816 61.
1415 3753 1626 3816 Multae
1669 3752 1854 3836 hujus
1898 3754 2055 3838 legis
2094 3755 2546 3840 consequentiae
2587 3756 2659 3816 in

557 3837 697 3945 iure
745 3862 1118 3944 justinianeo
1193 3872 1644 3923 remanserunt.
1697 3862 1857 3923 Loca
1899 3859 2073 3923 illam
2117 3865 2458 3946 spectantia
2511 3858 2665 3922 feli-

558 3965 803 4028 cissime
842 3968 1283 4049 interpretatus
1324 3976 1417 4029 est
1448 3966 1939 4031 Iurisconsultus
1979 3967 2409 4052 Hispaniensis
2427 3967 2500 4027 F.
2527 3967 2663 4027 Ra·

559 4096 693 4143 mos
733 4073 836 4139 del
868 4077 1169 4142 Manzano
1190 4078 1259 4140 in
1282 4076 1602 4144 Thesauro
1639 4077 2022 4144 Meermanni
2052 4127 2070 4160 ,
2098 4079 2176 4143 T.
2219 4076 2300 4140 V.
2333 4099 2398 4163 p.
2442 4076 2654 4143 1-550.
