2893 4778
609 288 710 377 84
946 310 1456 362 conmanunt
1508 315 1707 364 smus
1760 301 2043 366 noima
2092 317 2411 369 rmum.

699 438 847 503 Jam
904 438 1127 528 primis
1185 434 1458 503 ecclesiae
1480 449 1487 456 '
1513 438 1871 505 christianae
1932 443 2324 534 temporibus
2368 496 2384 525 ‚
2456 425 2590 511 tam
2650 446 2722 513 in

609 551 877 620 Oriente
929 576 1123 643 quam
1168 552 1237 616 in
1283 537 1637 619 Occidente
1684 552 2029 646 disciplina}
2076 555 2312 647 regulae
2357 562 2665 641 (cmonss
2698 566 2721 647 )

609 682 799 760 atque
847 649 1157 760 praecepta
1203 694 1240 732 a
1289 664 1550 735 diversis
1597 670 1905 761 episcopis
1959 668 2450 762 colligebantur.
2498 674 2727 741 Postea

594 779 1026 849 ‘conciliorum
1082 779 1354 847 ecclesiae
1401 809 1670 849 necas-ra
1725 788 1915 875 (post
1962 782 2092 867 314
2126 791 2145 869 )
2199 785 2463 853 collecta
2511 801 2665 856 sunt
2699 841 2719 870 ,

606 908 672 962 et
724 895 1130 986 seq-uentibus
1188 893 1430 960 saeculis
1501 898 1943 987 episcoporum
2003 900 2282 968 maxime
2338 900 2724 991 pontificum

602 1034 1015 1075 romanorum
1064 1006 1341 1101 epistolae
1394 1009 1779 1075 nannenus.
1833 1011 2012 1076 Inter
2051 1013 2255 1078 varias
2313 1014 2427 1079 has
2477 1013 2722 1082 collec-

600 1113 1173 1191 tionesnounullae
1219 1122 1604 1215 praecipuam
1649 1122 2076 1191 obtinuerunt
2116 1128 2563 1195 auctoritatem
2584 1180 2601 1208 ,
2647 1143 2727 1198 ut

604 1262 706 1304 eas
752 1237 854 1305 vel
902 1241 973 1303 in
1028 1249 1163 1302 toto
1193 1236 1484 1303 *Oriente
1526 1288 1542 1316 ‚
1600 1235 1701 1303 vel
1762 1238 1832 1304 in
1892 1251 2027 1305 toto
2083 1239 2434 1307 Occidente
2478 1266 2719 1334 seque-

605 1365 844 1434 rentur.
885 1354 963 1417 In
998 1350 1195 1438 hujus
1234 1346 1514 1416 ecclesiis·
1540 1373 1759 1417 omnes
1800 1355 2173 1419 auctoritate
2213 1360 2536 1446 superavit
2581 1357 2723 1434 col-

605 1466 790 1534 lectio
826 1461 1240 1532 Sto.—Isidoro
1290 1462 1645 1555 Hispalensi
1693 1467 1987 1559 episcopo
2024 1450 2173 1533 salse
2224 1470 2529 1535 attributa
2588 1475 2723 1556 (1),

605 1579 819 1672 plures
873 1579 1202 1645 continens
1255 1575 1595 1642 decretales
1642 1580 1989 1670 suppositas
2021 1632 2037 1662 ‚
2097 1606 2236 1672 quae
2288 1607 2440 1649 vero
2482 1585 2555 1649 in
2610 1584 2727 1652 illa

607 1693 802 1760 medii
855 1695 970 1760 aevi
1017 1703 1202 1758 nocte
1253 1692 1385 1758 vim
1439 1689 1595 1782 legis
1654 1707 2052 1783 acceperunt.
2106 1695 2391 1764 Extenso
2444 1697 2726 1766 ecclesiae

606 1809 915 1899 imperim,
954 1806 1187 1873 habitis
1221 1802 1504 1871 conciliis
1533 1806 1604 1869 in
1634 1805 1986 1873 Occidente
2017 1806 2305 1900 plurimis
2329 1862 2345 1890 ‚
2382 1825 2447 1879 et
2483 1815 2729 1881 emissis

607 1923 820 1989 multis
863 1921 1242 2013 pontificum
1292 1903 1706 1986 decretalibus
1741 1973 1757 2000 ,
1816 1925 1999 1990 novis
2044 1924 2519 1993 collectionibus
2557 1951 2725 2021 pesa

605 2050 706 2105 tea
760 2061 918 2128 opus
967 2048 1119 2102 erat.
1174 2033 1602 2126 Composuere
1659 2037 1861 2103 varias
1911 2038 2103 2103 abbas
2161 2039 2524 2107 Prumensis
2577 2044 2724 2110 Re-

607 2153 762 2243 gino
806 2157 825 2233 (
845 2152 1015 2240 9¹5)
1057 2201 1073 2228 ,
1095 2147 1483 2215 'Buchardus
1520 2152 1847 2241 episcopus
1887 2150 2376 2220 Wormatiensis
2421 2157 2676 2244 (1025)
2702 2210 2723 2240 ,

606 2267 720 2333 Ivo
769 2267 1098 2358 episcopus
1149 2262 1560 2329 Carnotensis
1610 2269 1727 2347 (11
1754 2263 1895 2350 i5).

698 2386 943 2453 Omnes
984 2384 1095 2449 has
1141 2396 1354 2450 autem
1388 2380 1830 2474 amplitudine,
1864 2383 2085 2451 ordine
2119 2383 2368 2453 etfama
2394 2393 2728 2483 superavit

607 2504 895 2573 collectio
934 2529 971 2568 a
1009 2501 1314 2568 Gratiano
1362 2503 1666 2567 Bononiae
1699 2501 1862 2568 facta
1898 2502 2313 2594 glossatorum
2356 2508 2723 2597 primorum

571 2601 997 2711 ‘temporibus
1050 2623 1071 2699 (
1105 2616 1333 2698 1151).
1386 2615 1829 2709 Amplectitur-
1855 2617 1978 2683 hoc
2029 2642 2207 2712 opus
2237 2644 2508 2687 canones
2540 2672 2556 2699 ,
2599 2622 2722 2690 de·-

604 2746 776 2800 creta
827 2745 893 2797 et
955 2727 1290 2795 decretales
1348 2752 1429 2793 ex
1489 2730 1788 2795 omnibus
1848 2730 1984 2795 aliis
2050 2731 2531 2826 collectionibus
2588 2734 2722 2801 de—

601 2856 897 2940 prompta
931 2894 947 2921 ,
997 2841 1207 2908 denuo
1236 2840 1496 2907 collecta
1525 2895 1540 2920 ‚
1577 2856 1640 2909 et
1686 2846 1773 2908 ita
1815 2843 2107 2923 ordinata
2132 2897 2149 2925 ‚
2188 2859 2260 2912 ut
2302 2849 2518 2913 omnia
2568 2848 2718 2917 loca

602 2974 788 3031 antea
847 2958 967 3027 sibi
1020 2955 1413 3021 adversantia
1466 3008 1482 3035 ,
1556 2970 1869 3047 quantum
1921 2956 2059 3023 fieri
2117 2962 2330 3051 potuit
2352 3042 2359 3046 ι
2382 3012 2398 3042 ,
2470 2986 2719 3029 recon-

598 3075 811 3143 ciliata
868 3075 995 3137 sint
1047 3073 1193 3154 (2).
1235 3069 1475 3137 Datum
1529 3072 1585 3134 ei
1643 3096 1875 3137 nomen
1920 3099 2170 3139 nsscnn‘n
2207 3073 2504 3141 Gai-mm
2538 3128 2555 3158 ‚
2604 3077 2716 3146 vel

600 3188 989 3283 simpliciter
1020 3212 1285 3251 nucum-1.
1337 3183 1603 3249 Constat
1657 3186 1858 3251 tribus
1893 3187 2180 3278 partibus
2211 3188 2332 3271 (3)
2372 3217 2389 3255 ε
2431 3215 2717 3280 quarum

604 3329 2722 3365 ——W—m-—ss-‚m

683 3434 790 3514 (1)
838 3429 1118 3492 Isidorus·
1167 3427 1422 3509 reliquit
1470 3425 1891 3488 collectionem
1921 3470 1945 3502 ,
1988 3450 2101 3490 nec
2148 3452 2296 3493 vero
2339 3454 2473 3514 quae
2515 3434 2712 3499 falsas

597 3537 930 3604 decretales
984 3538 1280 3596 continet.
1328 3535 1424 3593 De
1450 3555 1519 3592 ea
1547 3535 1797 3614 scripsit
1840 3535 1909 3593 C.
1953 3554 2047 3594 ΒΕ·
2073 3557 2148 3596 LA
2184 3535 2388 3598 Smin
2430 3539 2715 3603 Surum-

595 3671 763 3723 ωαχ,
798 3644 1030 3728 praefat.
1078 3643 1144 3701 in
1193 3662 1403 3700 veram
1451 3638 1878 3700 collectionem
1925 3663 1961 3700 a
2004 3643 2083 3702 D.
2142 3642 2382 3706 Isidoro
2431 3646 2715 3711 adorna..

571 3766 746 3816 tam.
790 3748 1097 3813 Bruxellis
1126 3795 1144 3823 ‚
1194 3768 1342 3807 ann.
1395 3747 1546 3806 VIII
1597 3746 1973 3828 reipublicoe.

679 3862 786 3941 (α)
833 3859 1173 3939 Interiectae
1192 3865 1338 3914 sunt
1367 3855 1563 3934 ipsius
1588 3855 1854 3914 auctoris
1884 3864 2041 3915 notae
2061 3854 2304 3937 (partes
2336 3858 2603 3922 Gratian
2620 3863 2715 3949 i),

592 3989 728 4052 quae
776 3975 986 4047 postea
1026 3965 1177 4041 juris
1222 3963 1653 4022 auctoritatem
1699 3972 2082 4039 receperunt.

673 4074 788 4155 (3)
832 4070 931 4134 Ad
976 4067 1319 4152 exemplum
1359 4069 1555 4129 trium
1584 4078 1734 4173 «tum
1778 4067 2016 4151 Digesti
2056 4069 2330 4152 partium
2369 4117 2390 4151 ,
2434 4092 2501 4158 p.
2547 4072 2661 4138 82.
