2893 4778
589 335 687 411 90
925 333 1692 420 COMMENTnRILJmus
1744 333 2029 383 nonum
2077 333 2394 386 PRIVATI-

592 466 615 545 (
638 488 723 529 m.
768 460 933 546 1438
958 467 978 545 )
1000 515 1016 541 ‚
1041 461 1407 530 Alexander
1426 461 1790 554 Tartagnps
1814 485 1928 528 seu
1939 453 2263 529 Imolensis
2295 466 2433 548 (m.
2457 463 2624 557 1477
2642 472 2664 549 )
2681 517 2706 548 ‚

586 575 1086 643 Bartholomaeus
1107 576 1429 667 Caepolla(
1457 577 1542 644 tn.
1586 575 1782 667 1477)
1820 629 1838 659 ,
1867 581 1981 666 (1)
2010 604 2031 662 3
2068 578 2442 645 Franciscus
2461 579 2704 646 Accol-

589 697 733 777 tus(
757 718 842 758 m.
887 691 1050 777 1483
1080 698 1136 776 ),
1164 691 1355 768 Jason
1379 690 1640 758 Mainus
1672 697 1792 776 (m.
1824 692 2070 782 1519),
2105 692 2439 786 Philippus
2465 693 2706 763 Decius

593 812 620 890 (7
637 831 719 884 m.
741 831 767 870 .ι
783 807 939 889 500)
957 857 973 885 ‚
991 804 1203 897 plures
1219 831 1300 872 ex
1326 804 1570 881 familia
1600 805 2010 873 Sociniorum
2031 858 2048 887 ,
2083 806 2317 899 aliique
2353 809 2703 875 innumeri.

587 925 664 989 In
684 917 893 991 Gallia
933 934 1351 990 innotuerunt
1379 922 1532 990 huic
1566 922 1793 991 scholae
1833 922 2233 993 adscribendi
2264 921 2707 994 Buticularius

503 1025 508 1029 ⁸
589 1044 613 1120 (
651 1037 1047 1118 Butillarins‚
1085 1036 1527 1126 Boutez'llter)
1570 1042 1658 1125 (2)
1709 1041 1843 1127 (m.
1898 1037 2057 1126 1402
2098 1044 2122 1128 )
2162 1053 2229 1107 et
2261 1039 2480 1109 Guido
2521 1042 2706 1133 Papa

591 1151 769 1236 (Gai
788 1153 1042 1244 Pape.)
1195 1140 1205 1156 ⁰
2524 1189 2531 1196 x

633 1267 832 1360 Apud
849 1268 1075 1359 Belgas
1096 1280 1233 1334 tum
1255 1268 1536 1359 primum
1557 1270 1826 1337 Lovanii
1852 1272 1934 1352 (a.
1968 1266 2252 1352 1'426)“de
2267 1272 2404 1354 jure
2430 1292 2716 1337 romano

477 1376 489 1383 ’
587 1384 821 1474 scripta
852 1380 1114 1473 reliquit
1143 1381 1234 1448 H.
1265 1381 1343 1448 de
1374 1382 1524 1448 Piro
1557 1384 1929 1464 (canonicus
1952 1380 2325 1467 leodiensis)
2364 1385 2505 1467 (3).
2541 1382 2705 1451 Plu-

590 1521 688 1562 res
707 1551 712 1557 .
730 1521 985 1588 quoque
1019 1498 1173 1584 juris
1208 1499 1501 1564 canonici
1534 1509 1821 1564 auctores
1851 1497 2022 1564 hisce
2058 1496 2296 1563 saeculis
2333 1495 2491 1564 clari
2526 1512 2711 1565 sunt.

681 1610 934 1703 Scripta
1008 1611 1243 1679 horum
1305 1614 1598 1694 omniurn
1677 1624 2009 1678 auctorum
2069 1622 2219 1677 sunt.
2286 1612 2711 1690 extensissimi

587 1727 1036 1801 commentarii
1064 1727 1537 1818 (repetitiones)
1565 1777 1581 1805 ‚
1626 1727 1925 1794 iuven-ias
1951 1728 2107 1813 juris
2142 1715 2382 1817 parteS,
2421 1737 2487 1791 et
2516 1724 2708 1793 deci-

590 1841 844 1906 sionum
891 1854 956 1918 et
1002 1841 1411 1907 consiliorum
1443 1844 1757 1910 immensa
1801 1840 2148 1910 volumina.

683 1955 900 2047 Opera
944 1957 1081 2024 haec
1137 1957 1408 2023 barbaro
1476 1980 1763 2023 sermone
1825 1968 1893 2023 et
1946 1954 2267 2023 fastidiosa
2337 1953 2709 2047 prolixitate

593 2072 944 2163 conscripta
965 2122 983 2152 ‚
1014 2097 1134 2165 pro
1159 2074 1439 2164 genuina
1474 2073 1630 2160 juris
1670 2072 1921 2138 romani
1965 2069 2255 2137 doctrina
2299 2069 2533 2150 nullius
2551 2084 2710 2137 sunt

592 2186 882 2251 utilitatis
948 2214 965 2251 ε
1033 2212 1150 2278 pro
1198 2189 1445 2254 ratione
1499 2187 1886 2277 sophismata
1948 2187 2023 2251 iis
2065 2186 2476 2251 continentur
2508 2234 2523 2260 ‚
2581 2201 2712 2275 pro·

594 2306 990 2397 argumentis
1046 2316 1111 2369 et
1167 2303 1649 2396 probationibus
1707 2301 1914 2395 longae
1946 2314 2307 2374 ¹auctorum
2363 2302 2713 2367 citatorum

592 2438 831 2484 catenae
876 2418 1016 2504 (4).
1064 2418 1200 2508 Qui
1249 2443 1537 2510 unquam
1588 2418 1705 2484 hos
1739 2416 1935 2483 libros
1979 2417 2368 2508 comparavit
2400 2467 2417 2495 ‚
2475 2414 2716 2481 fatebi-

597 2545 704 2599 tur
737 2584 755 2611 ‚
801 2558 1028 2599 eorum
1075 2542 1364 2600 auctores
1418 2532 1866 2624 glossatoribus
1920 2530 2109 2624 longe
2160 2555 2289 2597 esse
2325 2529 2659 2596 inferiores
2687 2571 2709 2610 -,

596 2649 886 2737 quamvis
916 2658 1095 2713 aetate
1133 2649 1485 2713 recentiore
1530 2648 1826 2714 vixerint.
2392 2638 2395 2641 ’

682 2761 999 2828 Restituta
1028 2760 1255 2828 saeculo
1295 2761 1458 2828 XVI
1493 2759 1760 2828 cultiore
1794 2756 2286 2850 jurisprudentia
2309 2808 2327 2835 ‚
2363 2759 2717 2823 Accursia-

595 2900 831 2944 norum
906 2891 974 2944 et
1032 2865 1526 2947 Bartolistarum
1589 2901 1826 2946 nomen
1904 2876 2400 2967 ignominiosum
2481 2874 2722 2944 haberi

595 2994 788 3083 coepit
806 3042 823 3071 ‚
871 3017 1093 3059 eorum
1130 2995 1365 3086 scripta
1386 2991 1699 3062 oblivioni
1727 2990 1966 3059 tradita
1997 3002 2145 3055 sunt
2181 2988 2320 3074 (5).

683 3220 793 3300 (1)
836 3217 1044 3299 Hujus
1071 3217 1259 3280 liber
1312 3219 1389 3280 de
1451 3217 1857 3281 servitutibus
1912 3215 1993 3276 ab
2050 3211 2411 3275 auctoribus
2458 3211 2729 3277 Codicis

559 3400 562 3403 y
598 3325 751 3409 juris
796 3312 1258 3410 civilis·gallici
1310 3325 1769 3388 consulebatur.

582 3494 586 3501 ,
678 3434 791 3513 (2)
835 3432 1073 3494 Auctor
1114 3432 1298 3512 libri,
1339 3435 1440 3495 cui
1483 3432 1704 3495 titulus
1729 3454 1748 3494 ε
1773 3433 2019 3494 Somme
2055 3427 2283 3491 rurale.
2321 3425 2402 3488 V.
2428 3423 2669 3510 Dupin
2705 3476 2726 3507 ‚

599 3538 645 3599 1.
701 3561 755 3600 c.
788 3562 858 3623 p.
889 3538 1109 3600 58-61.

683 3644 791 3726 (3)
834 3645 1144 3730 Repetitio
1172 3648 1299 3729 ejus
1337 3648 1403 3707 in
1435 3646 1858 3710 institutiones
1893 3641 2320 3722 manuscripta
2351 3639 2611 3701 Parisiis
2651 3642 2728 3703 in

596 3752 753 3813 bibl.
784 3756 953 3836 regia
979 3764 1283 3816 servatur.
1315 3753 1397 3814 V.
1415 3745 1507 3815 de'
1522 3775 1595 3816 eo
1610 3763 1860 3815 auctore
1885 3750 2174 3834 Foppens
2206 3794 2224 3826 ,
2252 3742 2421 3808 Bibl.
2461 3747 2625 3829 belg.
2651 3746 2683 3808 Ι
2704 3798 2723 3828 ,

583 3882 666 3959 ,Ρ-
722 3857 864 3937 460·

686 3958 793 4043 (4)
844 3966 876 4022 ι’
918 3965 1133 4028 Solent
1169 3987 1299 4028 esse
1339 3922 1403 4027 in
1452 3989 1519 4026 re
1558 3967 1730 4028 futili
1780 3918 2007 4042 inulti,
2043 3968 2109 4028 in
2138 3954 2387 4030 ‘difficili
2424 3963 2622 4049 muti,
2656 3964 2727 4028 iu

602 4074 892 4152 angustia
932 4071 1167 4135 diffusi.
1219 4098 1247 4129 a»
1288 4073 1619 4156 (Cujacius
1641 4074 1687 4155 ).
2312 4079 2321 4087 “

569 4194 570 4203 ’
687 4177 800 4262 (5)
843 4179 1098 4244 Berriat
1123 4181 1476 4261 St.-Pn·x,
1512 4179 1556 4246 l.
1593 4201 1649 4243 c.
1678 4227 1695 4261 ‚
1731 4203 1797 4266 p.
1834 4169 2141 4245 311-313'.
