2893 4778
529 303 671 391 508
852 338 1364 389 comnenus-n
1418 341 1619 388 smus
1675 321 1957 389 nomn}
2013 344 2329 393 rmvmr.

618 464 1094 556 Exceptionutn
1150 466 1333 555 origo
1403 486 1682 556 veraque
1742 478 1971 531 natura
2027 473 2047 548 (
2081 476 2141 551 1)
2200 491 2339 533 non
2390 464 2510 533 nisi
2558 493 2639 535 ex

523 581 721 647 veteri
774 583 920 666 jure
969 601 1240 643 romano
1284 580 1579 669 cognosci
1631 590 1837 670 potest
1885 631 1902 658 ‚
1949 592 2023 645 ut
2082 605 2162 647 ex
2212 584 2643 674 superioribus

523 703 785 784 apparet
806 696 924 773 (ηο.
953 690 1092 775 86).
1113 689 1471 755 Novissimo
1498 696 1668 777 jure,
1697 678 1948 758 mutato
1967 692 2353 779 judiciorum
2380 694 2638 774 ordine,

519 821 792 903 ang-usta
826 805 936 872 illa
966 809 1413 899 exceptionum
1452 805 1742 875 definitio
1774 814 1900 895 jam
1925 810 2320 880 admittenda
2348 839 2481 879 non
2511 827 2641 896 est‘,

519 908 629 991 'sed
676 949 825 989 cum
876 947 951 988 ea
985 920 1333 1001 mutanda,
1379 947 1593 1015 ¹quarn
1630 923 1761 989 hoc
1808 923 1950 992 loco
1989 929 2445 1018 proposuimus
2500 932 2637 1012 (2).

624 1037 766 1130 175.
812 1037 908 1103 Ut
930 1037 1023 1101 rei
1049 1020 1331 1101 defensio
1359 1035 1597 1103 actioni
1628 1039 1918 1129 opposita
1950 1042 2240 1134 exceptio
2275 1042 2401 1108 dici
2423 1093 2441 1119 ,
2467 1056 2641 1108 acto-

517 1159 783 1242 remque
834 1146 1139 1242 repellere
1188 1148 1386 1240 possit
1424 1201 1441 1230 ,
1518 1152 1843 1240 sequentia
1905 1166 2290 1217 concurrant
2357 1168 2636 1245 oportet.

618 1290 679 1330 a.
726 1263 876 1331 Sola
905 1263 1164 1354 negatio
1204 1260 1354 1327 sacti
1385 1314 1400 1342 ‚
1452 1288 1582 1354 quo
1618 1265 1847 1329 actoris
1874 1267 2114 1330 nititur
2152 1268 2421 1333 intentio
2451 1319 2467 1347 ‚
2511 1293 2643 1333 non

523 1391 614 1444 cst
637 1377 926 1469 exceptio
963 1376 1073 1461 (3).
1105 1374 1165 1441 b.
1200 1374 1428 1438 Omnis
1465 1377 1756 1467 exceptio
1785 1376 2000 1468 aliquo
2024 1382 2161 1463 jure
2194 1382 2440 1446 nitatur
2461 1432 2478 1460 ‚
2527 1407 2640 1459 reo

479 1531 488 1541 ·
524 1506 921 1586 competente
951 1541 972 1571 ‚
1009 1515 1140 1583 quo
1182 1490 1476 1581 extingui
1507 1473 1713 1582 potest
1749 1494 1976 1559 actoris
2004 1498 2335 1584 praetentio
2365 1494 2506 1579 (4);
2541 1495 2633 1559 nil

523 1632 672 1677 vero
694 1609 953 1672 interest
972 1656 990 1685 ,
1011 1630 1093 1670 an
1107 1604 1339 1690 hocius
1366 1606 1623 1670 actione
1644 1608 1968 1673 munitum
1994 1609 2072 1674 sit
2093 1633 2211 1674 nec
2228 1633 2348 1692 ne3
2379 1610 2529 1675 inde
2554 1636 2639 1675 ex

521 1721 911 1814 obligatione
941 1717 1215 1786 naturali
1238 1742 1496 1809 quoque
1520 1718 1845 1787 descendit
1859 1724 2150 1815 exceptio
2169 1730 2189 1807 (
2211 1723 2305 1806 5).
2333 1748 2387 1789 c.
2404 1725 2635 1790 Proxi-

521 1855 700 1906 mum
722 1835 1112 1928 exceptionis
1148 1831 1648 1900 fundamentum
1676 1837 1748 1900 in
1767 1834 1938 1905 facto
1964 1840 2247 1905 consistit
2272 1839 2428 1923 (6),
2458 1844 2638 1925 cujus

601 2169 641 2285 ἑ
665 2206 743 2286 1)
791 2227 821 2260 s
881 2201 1418 2286 Concipiebantur
1444 2204 1510 2263 in
1551 2204 1929 2264 contrarium
1958 2206 2091 2287 ejus
2117 2253 2135 2280 ‚
2166 2203 2334 2287 quod
2367 2204 2634 2267 affirmat

519 2317 572 2373 is
605 2361 623 2389 ‚
667 2332 805 2375 cum
841 2332 965 2395 quo
985 2311 1206 2393 agitur.
1244 2335 1271 2364 n
1310 2310 1445 2391 Gaj.
1481 2308 1599 2386 IV,
1628 2310 1656 2394 ᾗ
1690 2332 1709 2371 ι
1731 2334 1802 2394 ¹9
1824 2359 1841 2383 ‚
1874 2309 2148 2395 exempla
2177 2314 2244 2373 in
2281 2315 2350 2372 L.
2394 2333 2499 2385 ro,
2529 2334 2632 2388 ιι,

516 2422 546 2504 ς
597 2440 633 2480 2
658 2468 677 2496 ‚
724 2420 803 2480 D.
850 2438 960 2491 20,
1010 2437 1030 2478 ι
1050 2457 1077 2494 ,
1111 2417 1247 2496 (de
1284 2417 1597 2500 pignorib.
1648 2428 1712 2479 et
1755 2417 2093 2503 hypothec.
2117 2417 2175 2496 ).

602 2551 710 2634 (α)
753 2550 965 2612 Causae
1009 2547 1303 2631 allegatio
1336 2567 1354 2625 ,·
1402 2569 1538 2631 quae
1564 2548 1714 2611 olim
1757 2552 1894 2632 ipso
1921 2553 2056 2633 jure
2081 2551 2386 2612 actionem
2424 2554 2631 2612 extin-‘

511 2660 739 2743 guebat
770 2681 794 2736 ‚·
839 2659 1180 2721 novissimo
1223 2659 1360 2737 jure
1399 2658 1588 2752 igitur
1632 2670 1695 2718 et
1737 2660 1868 2739 ipsa
1897 2660 2173 2741 exceptio
2221 2670 2331 2720 est.
2371 2659 2522 2721 Inde
2549 2660 2625 2721 de

511 2766 977 2849 exceptionibus
1021 2763 1349 2826 solutionis
1377 2813 1394 2841 ‚
1443 2769 1966 2847 compensationis
1989 2814 2006 2842 ‚
2040 2767 2390 2829 novationis
2420 2788 2623 2829 sermo

512 2884 605 2934 est
637 2921 656 2950 ‚
698 2871 844 2934 licet
887 2873 964 2933 iis
1019 2873 1156 2955 ipso
1206 2874 1342 2953 jure
1375 2874 1821 2954 extinguantur
1860 2873 2293 2956 obligationes.

592 3007 700 3085 (3)
741 3006 809 3066 L.
853 3026 940 3088 9,
987 3005 1172 3065 initio
1207 3049 1224 3078 ,
1284 3005 1354 3065 C.
1413 3003 1485 3062 h.
1522 3014 1572 3064 t.
1619 3004 1971 3064 Dicendum
2000 3015 2092 3065 est
2120 3006 2353 3086 igitur,
2396 3025 2619 3087 excep-

507 3115 744 3174 tionem
778 3133 903 3172 non
957 3121 1288 3171 numeratae
1323 3110 1598 3191 pecuniae
1623 3156 1641 3184 ‚
1686 3132 1821 3191 quae
1850 3122 2106 3194 vocatur
2138 3159 2154 3188 ‚
2186 3133 2313 3194 non
2348 3132 2479 3176 esse
2512 3133 2619 3171 ex-

458 3196 462 3199 ·
504 3221 849 3303 ceptionem
877 3241 895 3297 3
925 3228 996 3278 ut
1024 3219 1284 3299 conjicit
1317 3219 1503 3277 etiam
1538 3215 1648 3275 Du.
1687 3218 1974 3294 Cam-roy
1998 3214 2042 3277 l.
2088 3231 2240 3299 c.‘p.
2292 3216 2365 3295 14
2396 3265 2413 3293 ,
2456 3240 2521 3277 n.
2559 3212 2610 3277 1.'

589 3349 699 3432 (4)
742 3350 832 3411 Ex
881 3353 1015 3432 jure
1059 3349 1225 3432 quod
1260 3349 1493 3409 actioni
1534 3358 1711 3407 motae
1755 3369 1879 3408 non
1910 3348 2116 3408 obstat
2147 3395 2164 3423 ‚
2214 3348 2391 3409 nulla
2428 3349 2620 3412 datur

502 3458 825 3539 exceptio3
869 3458 940 3517 L.
1007 3454 1088 3533 5,
1135 3457 1214 3514 D.
1285 3457 1404 3534 33,
1457 3451 1536 3532 4,
1595 3455 1718 3528 (de
1761 3455 1906 3514 dote
1960 3453 2378 3537 praelegata)3
2430 3455 2473 3516 1.
2529 3457 2615 3533 4,

501 3568 570 3640 C,
625 3566 665 3643 4
698 3613 726 3642 ,,
759 3566 840 3625 23
871 3612 891 3643 ,
938 3562 1062 3648 (de
1115 3562 1590 3644 commodato);
1644 3560 1689 3623 l.
1746 3561 1822 3638 5,
1867 3562 1944 3623 C.
1990 3561 2074 3636 8,
2117 3562 2221 3640 15,
2267 3565 2389 3645 (in
2433 3562 2609 3645 quib.

498 3675 699 3760 causis
745 3672 918 3755 pign.
968 3670 1068 3734 vel
1115 3669 1469 3753 hypotheca
1510 3669 1698 3729 tacite
1734 3669 2132 3730 contrahitur
2152 3676 2207 3752 ).

581 3804 686 3886 (5)
730 3806 801 3866 L.
858 3827 939 3889 7,
1006 3803 1034 3886 ς
1086 3799 1166 3881 4,
1209 3804 1289 3863 D.
1330 3823 1409 3880 2,
1485 3799 1594 3880 14,
1637 3800 1768 3883 (de
1808 3803 2102 3885 pactis->3
2150 3800 2196 3863 l.
2248 3800 2473 3886 156,§
2530 3821 2554 3861 1
2586 3845 2607 3876 ‚

498 3913 576 3972 D.
634 3910 747 3987 50,
807 3932 916 3994 17,
967 3910 1098 3997 (de
1135 3931 1268 3993 reg.
1311 3912 1545 3991 jun-0).r

576 4040 680 4130 (6)
723 4044 795 4101 L.
847 4049 965 4118 20,
1014 4042 1096 4102 D.
1140 4039 1352 4101 hutz·
