2893 4778
859 317 1076 365 mmm
1130 318 1213 365 11.
1264 332 1362 347 --
1412 317 1573 368 car.
1624 319 1708 368 11.
2094 285 2097 286 ἡ
2196 296 2339 398 447

213 445 467 512 tionem
520 440 662 508 fieri
714 438 934 508 dehet‘
962 444 1033 528 (§
1083 444 1200 509 182
1224 447 1266 527 ).
1320 442 1412 511 Vi
1461 442 1742 530 ejusdem
1784 466 2000 511 rerum
2047 443 2348 515 dominus

219 585 308 626 ex
359 554 666 650 stipulatu
708 557 958 623 actione
1007 555 1110 625 vel
1149 556 1725 624 usufructuarium'
1763 561 1972 644 ejusve
2016 559 2345 649 fidejusso-

220 698 364 740 rem
402 672 694 764 persequi
729 683 967 763 potest,
1004 670 1056 738 si
1100 670 1599 763 obligationibus
1630 675 1758 738 suis
1790 698 1922 740 non
1957 671 2345 745 satisfecerit.

221 791 541 856 Praeterea
557 786 621 851 ei
650 788 817 853 actio
839 784 998 876 legis
1019 784 1301 878 Aquiliae
1320 810 1576 877 quoque
1608 789 1945 880 competit,
1975 791 2024 854 si
2051 789 2154 855 ille
2176 791 2343 859 facto

223 929 339 972 suo
382 903 691 969 damnum
741 903 813 969 in
855 927 924 970 re
973 903 1215 992 injuria
1259 901 1436 971 dedit
1465 952 1483 983 ‚
1523 899 1625 972 vel
1672 915 1739 970 et
1794 901 1931 970 aliae
1982 928 2067 970 ex
2113 902 2348 975 delicto

217 1019 512 1090 actiones
551 1021 613 1101 (ι
629 1020 695 1104 ί).

675 1228 708 1313 §
754 1225 892 1293 IV.
941 1225 1059 1293 De
1107 1230 1305 1320 quasi
1343 1227 1687 1316 usufructu
1749 1231 1892 1315 (2).

325 1438 475 1507 308.
516 1438 929 1507 Usussructus
988 1464 1211 1507 earum
1262 1464 1478 1508 rerum
1535 1463 1679 1534 quae
1727 1466 1845 1509 usu
1888 1456 2349 1511 consumuntur

225 1553 336 1624 vel
375 1554 594 1621 saltem
639 1579 1031 1647 magnopere
1059 1556 1446 1624 minuuntur
1474 1580 1594 1648 pro
1639 1554 1819 1649 quasi
1855 1558 2191 1626 usufructu
2231 1586 2350 1651 per

215 1682 483 1737 senatus
508 1668 870 1736 consultum
903 1667 1297 1750 declaratur,
1334 1694 1465 1761 quo
1497 1673 1813 1737 sancitum
1842 1685 1973 1752 est,
2008 1687 2081 1739 ut
2120 1673 2351 1766 aliquis

231 1786 529 1850 omnium
588 1785 905 1850 bonorum
958 1806 1220 1850 suorum
1275 1782 1751 1856 usumfructum
1799 1785 2157 1878 relinquere
2196 1813 2351 1879 pos-

234 1905 316 1971 sit
353 1906 484 1990 (3).
512 1902 715 1994 Quasi
744 1902 1247 1970 usufructuarius
1269 1927 1488 1970 rerum
1527 1903 2022 1971 fructuariamm
2055 1906 2354 1976 dominus

233 2019 507 2086 efficitur
561 2020 718 2104 (4),κ
753 2018 869 2083 sub
931 2016 1300 2084 conditione
1351 2021 1494 2104 jure
1559 2042 1676 2084 suo
1725 2017 1912 2084 finito
1974 2020 2354 2090 tantundem

233 2132 340 2202 vel
394 2135 874 2199 aestimationem
920 2155 1142 2198 earum
1202 2130 1577 2198 restituendi
1615 2157 1636 2214 3
1694 2127 1867 2198 unde
1920 2138 2102 2224 quasi
2166 2160 2353 2202 usus—

236 2249 482 2316 fructus
520 2247 602 2314 ad
632 2262 930 2315 mutuum
959 2247 1097 2314 fere
1139 2247 1411 2328 accedit,
1446 2274 1483 2313 a
1515 2272 1643 2339 quo
1676 2260 1892 2314 tamen
1920 2251 2112 2316 variis
2146 2251 2354 2318 modis

241 2365 454 2434 differt
481 2379 546 2434 et
586 2367 862 2432 maxime
895 2389 1008 2446 eo,
1055 2362 1231 2456 quod
1280 2362 1667 2430 fructuarius
1696 2365 2060 2431 cautionem
2103 2363 2182 2431 de
2213 2391 2355 2432 res-

240 2480 551 2549 tituendis
601 2481 789 2546 rebus
841 2480 952 2565 (5)
1011 2491 1306 2571 praestare
1368 2477 1639 2560 debeat,
1698 2502 1829 2544 non
1885 2480 2096 2545 minus
2150 2505 2223 2548 ac
2283 2482 2356 2548 in

238 2619 393 2665 vero
440 2595 775 2662 usufructu
819 2594 959 2660 fieri
992 2593 1173 2679 solet.

336 2710 483 2799 309.
528 2708 695 2776 Sunt
742 2704 1037 2800 quaedam
1085 2731 1318 2801 genera
1367 2730 1628 2786 rerum,
1683 2708 1752 2773 in
1793 2708 2025 2798 quibus
2071 2706 2351 2776 dubitari

243 2835 455 2917 potest
519 2850 537 2888 ε
608 2847 873 2890 verusne
944 2821 1335 2890 ususfructus
1395 2823 1695 2889 constitui
1760 2822 1954 2913 possit
2009 2847 2092 2887 an
2156 2824 2354 2893 modo

247 2942 428 3035 quasi
474 2939 866 3007 ususfructus
893 2991 913 3024 ,
959 2939 1156 3008 veluti
1201 2940 1576 3007 vestimenta
1620 2950 1735 3003 aut
1780 2940 2061 3005 nomina.

335 3078 408 3122 a.
457 3055 753 3124 Vestium
782 3057 963 3146 quasi
997 3052 1468 3120 usumfructum
1509 3075 1637 3118 esse
1660 3103 1678 3133 ,
1738 3053 1808 3119 in
1838 3051 2355 3125 Institutionibus

326 3393 442 3474 (ι)
486 3394 560 3454 L.
609 3395 679 3455 13
724 3392 754 3476 §
800 3413 886 3468 2,
934 3390 977 3453 l.
1031 3390 1179 3475 155
1223 3394 1328 3456 3.·

331 3502 438 3583 (2)
480 3501 560 3560 D.
602 3524 636 3584 7
658 3548 676 3576 ,
713 3498 784 3577 5,
817 3500 1183 3583 (usufructu
1220 3519 1433 3559 earum
1460 3518 1669 3558 rerum
1692 3519 1825 3580 quae
1854 3519 1971 3558 usu
1989 3519 2356 3560 consumun·

243 3619 357 3669 tur
373 3605 474 3669 vel
498 3606 930 3690 minuuntur)3
960 3607 1249 3689 Maiansii
1271 3605 1759 3688 disputationeS,
1790 3603 1903 3666 lib.
1943 3607 1975 3666 I
1995 3652 2013 3683 ,
2053 3606 2213 3689 disp.
2256 3628 2351 3691 ¹17·

327 3716 436 3795 (3)
482 3712 511 3798 §
558 3734 639 3790 2,
692 3714 742 3775 1.
793 3711 859 3774 h.
906 3724 1004 3792 t.;
1048 3713 1077 3796 §
1130 3735 1201 3789 1,
1243 3711 1434 3800 D.¹h.
1469 3722 1517 3773 t.

331 3817 439 3901 (4)
482 3822 638 3883 Inde
687 3842 898 3882 earum
937 3817 1286 3902 periculum
1324 3819 1403 3879 ad
1450 3840 1590 3879 eum
1628 3820 1922 3901 partinet.

325 3925 440 4009 (5)
484 3925 814 3988 Westenb.
849 3925 961 3986 lib.
999 3948 1071 4008 7,
1115 3923 1213 3984 tit.
1252 3923 1380 4004 5‚·§
1409 3922 1486 3999 6,
1513 3945 1584 4008 73
1619 3925 1795 4006 quasi
1820 3923 2175 3987 usufructus
2196 3944 2358 3987 non·

248 4031 375 4097 nisi
417 4028 625 4114 legato
662 4031 970 4096 constitui
1012 4027 1268 4095 solitum
1311 4027 1505 4092 fuisse
1554 4028 1823 4093 videtur.
