2893 4778
1017 373 1551 425 m‘rnonuc‘rlo·
2168 382 2303 431 101

204 494 580 561 Batavorum
619 502 768 559 sunt
815 493 1277 581 jurisconsulti,
1323 493 1402 562 ut'
1427 498 1596 562 inter
1629 499 1782 584 juris
1817 500 2069 570 romani
2113 501 2313 570 inter-

204 625 397 702 pretes
440 614 729 704 primum
761 608 977 678 locum
1016 597 1440 679 obtinuerint}
1472 615 1783 683 Servabat
1824 614 1908 682 ad.
1939 600 2154 683 nostra
2198 640 2312 683 us-

209 748 326 815 que
362 737 654 816 tempora
691 724 929 793 Batava
965 728 1120 812 juris
1150 723 1364 791 schola
1394 728 1789 813 cujacianam
1828 728 1899 793 in
1933 731 2315 815 jure‘veteri

207 838 533 905 tractando
591 840 912 906 rationem
931 890 949 919 ‚
1009 863 1154 931 quae
1205 840 1275 905 in
1329 841 1460 931 ipsa
1519 840 1719 929 hujus
1762 829 1887 912 viri
1937 840 2314 910 immortalis

203 957 403 1046 patria
430 953 726 1049 neglecta
752 968 907 1037 erat.
936 956 1160 1048 Neque
1190 951 1451 1023 fortaffle
1483 970 1616 1026 tam
1648 957 1832 1025 facile
1872 962 2313 1027 recentissimis

206 1071 588 1162 temporibus
646 1070 879 1137 cultior
931 1070 1431 1163 jurisprudentia
1480 1073 1783 1139 restituta
1836 1072 2052 1141 suisset
2087 1126 2104 1158 ,
2142 1055 2340 1142 ‘sine'

204 1184 789 1273 jurisconsultorum
835 1183 1093 1251 illorum
1129 1185 1370 1252 studiis.

288 1299 487 1392 Apud
538 1298 698 1367 solos
755 1301 1025 1367 Batavos
1081 1302 1350 1367 extitere
1405 1299 1567 1389 juris
1624 1314 1910 1370 auctores
1942 1355 1958 1384 ‚
2010 1305 2144 1402 qui
2191 1279 2314 1400 pro

211 1409 432 1480 forensi
462 1417 626 1504 juris
662 1437 780 1480 usu
811 1412 1137 1505 eleganter
1165 1415 1533 1480 scribebant
1557 1427 1624 1481 et
1663 1416 1974 1497 inlibris,
2012 1424 2313 1510 ‘pragma-

210 1530 477 1595 ticorum
536 1532 675 1595 usui
737 1530 1136 1638 compositis,
1152 1521 1513 1595 classicam
1538 1528 1928 1596 exhibebant
1991 1530 2312 1597 eruditio—

212 1662 363 1707 nem.
400 1640 619 1707 Facile
657 1640 806 1708 inde
843 1641 1087 1707 factum
1128 1653 1263 1722 est,
1315 1653 1389 1707 ut
1429 1640 1502 1705 hi
1547 1639 1719 1732 apud
1770 1665 1988 1709 omnes
2030 1644 2312 1737 Europa

213 1754 471 1847 populos
509 1780 827 1823 summam
867 1756 1233 1822 obtinerent
1274 1756 1736 1822 auctoritatem.

290 1871 548 1936 Eximia
601 1870 831 1938 deinde
886 1871 1282 1938 Batavorum
1349 1882 1498 1937 sunt
1561 1871 1792 1936 merita
1862 1867 1944 1937 de
2005 1869 2310 1939 historica

215 1987 352 2070 juris
391 1987 644 2052 romani
686 1985 1110 2077 indagatione.
1162 1972 1372 2051 Multa
1413 1987 1874 2077 antiquitatum
1915 1988 2065 2071 ejus*
2103 1990 2313 2078 capita

219 2095 296 2161 illi
335 2097 597 2164 demum
627 2111 797 2165 recte
845 2097 1350 2190 explanaverunt
1404 2111 1470 2164 et
1533 2094 1952 2190 philologicas
2005 2096 2322 2190 disquisi-'

219 2212 400 2278 tiones
431 2239 586 2280 cum
611 2216 764 2299 juris
792 2216 1023 2281 notitia
1054 2217 1548 2305 conjungenteS‚
1586 2212 1742 2280 huic
1773 2209 1964 2280 simul
2001 2225 2083 2280 et·
2103 2212 2309 2282 literis

217 2329 474 2421 antiquis
508 2327 860 2421 plurimum
893 2328 1290 2422 profuerunt.

291 2442 620 2536 Philologi·
641 2446 646 2453 ’
671 2444 893 2512 Batavi
960 2446 1030 2508 in
1088 2448 1232 2532 jure
1288 2462 1557 2508 romano
1616 2451 1800 2507 erant
1865 2438 2311 2530 versatissim13

218 2577 423 2623 eorum
491 2557 918 2646 jurisconsulti
985 2558 1221 2624 eruditi
1278 2549 1595 2649 philologi
1631 2582 1650 2638 ς
1711 2553 2088 2623 naturaliter
2154 2557 2309 2626 inde

216 2673 496 2741 effectum
523 2687 646 2755 est,
672 2687 749 2741 ut
772 2687 838 2741 et
861 2676 1107 2743 criticas
1133 2675 1259 2762 juri
1290 2694 1558 2740 romano
1587 2671 1898 2747 haberent
1934 2698 2114 2742 curas
2145 2679 2170 2760 (
2198 2682 2309 2763 1‘33

215 2811 327 2876 qua
366 2790 439 2856 in
490 2815 560 2857 re
606 2789 768 2857 illud
800 2803 1063 2859 tantum
1116 2787 1467 2883 dolendum
1485 2841 1503 2871 ‚
1560 2790 1837 2857 nimium
1882 2814 1989 2857 eos
2043 2794 2304 2879 conjec-

218 2906 359 2971 turis
398 2906 689 2973 tribuisse
735 2910 867 2993 (2).

290 3020 588 3113 Denique
631 3020 739 3087 alii
766 3018 1026 3116 illoruni
1071 3022 1142 3087 in
1177 3044 1257 3088 eo
1291 3043 1553 3112 operam
1588 3017 2019 3101 collocarunt,
2058 3035 2133 3089 ut
2169 3021 2309 3091 cla·-

220 3156 425 3201 rorum
475 3135 1068 3224 jurisconsultorum
1110 3136 1223 3223 (3)
1264 3161 1457 3229 opera
1505 3135 1835 3227 eleganter
1883 3135 2147 3204 ederent
2169 3189 2188 3220 ,
2244 3155 2312 3209 et

221 3251 445 3316 rariora
488 3248 937 3333 excellentium
975 3256 1399 3342 interpretum
1437 3246 1739 3342 opuscula
1781 3245 2187 3342 colligerent,
2234 3252 2317 3319 ad

301 3593 407 3674 (1)
449 3594 546 3654 De
602 3591 1015 3654 Brencmanni
1074 3573 1280 3652 studio
1347 3612 1463 3674 pro
1540 3590 1874 3652 Pandectis
1941 3591 2063 3672 jam
2129 3611 2321 3675 supra

232 3696 454 3761 dictum
494 3711 588 3762 est
628 3699 727 3783 (p.
773 3699 889 3761 55-
857 3699 1032 3782 -.56)

304 3836 411 3915 (2)
455 3835 652 3896 Lusus
691 3833 955 3915 ingenii,
995 3848 1150 3917 quos
1190 3833 1575 3913 conjecturas
1601 3846 1894 3890 vocamus
1919 3845 2317 3913 corrumpere

187 3928 194 3936 ’
235 3945 418 4022 magis
463 3962 650 4024 quam
687 3944 915 4025 juvare
958 3939 1159 4002 solent
1197 3933 1769 4022 jurisprudentiam.

308 4076 405 4153 (3)
447 4072 663 4134 Veluti
705 4072 987 4148 Marani,
1030 4070 1373 4168 Brissonii,
1421 4068 1552 4131 Jac.
1608 4064 1982 4130 Gothofiedi
2005 4113 2024 4147 ‚
2093 4065 2237 4129 lani
2275 4086 2315 4128 a

239 4180 405 4243 Costa
429 4225 448 4257 ,
494 4178 784 4242 Balduini
805 4227 823 4259 ,
858 4177 1139 4243 Merillii.
