2893 4778
844 370 1058 421 mmm
1116 374 1167 420 1.
1228 388 1319 404 --
1371 363 1526 421 mr.
1578 372 1632 418 ι.
2145 345 2283 447 149

221 489 382 558 hodie
415 491 610 560 facere
648 492 874 559 solent¹
903 501 1033 577 (1).
1078 496 1356 560 Diversae
1413 517 1668 586 quoq-ue
1707 493 1961 580 j'ustitiae
2016 491 2283 559 divisio-

221 629 336 685 ιιεε,
372 633 405 672 a
433 608 884 675 recentioribus
913 621 1181 700 receptae
1201 661 1218 688 ,
1235 612 1311 674 in
1341 623 1629 692 veterum
1655 607 1833 676 libris
1863 608 2282 703 omittpntur,

217 716 380 785 veluti
421 723 671 808 jhstitiae
708 723 977 787 internae
1009 735 1076 787 ‘et
1110 735 1387 788 externae
1414 721 1769 802 distinctim
1814 722 2281 789 commutativae

225 844 276 898 et
310 832 709 904 distributivae
729 886 746 915 ,
799 848 1022 902 ceterae
1071 842 1206 922 (2).

281 945 335 1029 4.
373 948 645 1016 Diversae
721 958 869 1017 sunt
927 951 1084 1037 juris
1151 948 1489 1017 divisiones
1521 1000 1538 1031 ,
1600 972 1874 1042 quarum
1941 949 2280 1041 praeeipuae

213 1062 313 1131 hoc
354 1064 486 1132 loco
530 1045 998 1133 enumerandae.
1051 1068 1343 1133 Primum
1391 1067 1659 1132 ratione¹
1690 1065 1960 1156 originis
2001 1064 2279 1131 Romani

215 1180 291 1270 jus
327 1180 548 1272 triplex
580 1205 709 1246 esse
750 1179 978 1248 dieunt
999 1232 1016 1261 ,
1045 1179 1332 1248 naturale
1374 1179 1649 1258 scilicet,
1689 1181 2018 1270 gentium,
2065 1189 2131 1245 et
2173 1180 2285 1245 οἰδ·

211 1289 311 1358 vile
354 1292 481 1379 (3).
539 1293 857 1383 Quaedam
879 1297 884 1298 ⁷
908 1296 1082 1362 enim
1134 1297 1292 1385 juris
1336 1275 1648 1387 praecepta
1692 1292 1951 1359 animali
1998 1292 2280 1360 hominis

215 1417 400 1473 natura
430 1410 765 1489 nituntur,
807 1434 1005 1501 quare
1041 1410 1258 1482 omnia
1297 1407 1599 1474 animalia
1643 1409 1717 1474 iis
1750 1408 1889 1500 regi
1933 1405 2279 1492 dicuntum

213 1517 362 1606 hujus
386 1524 533 1607 juris
569 1535 665 1590 est
703 1525 1189 1590 matrimonium
1204 1540 1227 1603 ',
1261 1526 1434 1609 cujus
1464 1522 1650 1614 origo
1690 1534 1784 1589 est
1821 1520 2127 1591 naturalis
2164 1519 2277 1591 illa

212 1636 363 1700 maris
410 1649 597 1727 atque
654 1636 905 1705 feminae
959 1639 1333 1726 conjunctio
1403 1635 1542 1720 (4).
1602 1636 1910 1704 Gentium
1959 1640 2056 1724 jus
2111 1633 2275 1704 illud

212 1757 311 1825 est,
341 1747 503 1839 quod
527 1773 614 1815 ex
643 1751 972 1817 communi
1000 1750 1264 1814 rationis
1296 1747 1474 1832 fonte
1508 1746 1968 1840 proficiscitur,
2002 1746 2276 1838 ideoque

213 1858 344 1948 apud
381 1885 596 1930 omnes
646 1861 926 1956 populos
967 1887 1145 1954 aeque
1179 1862 1506 1939 invenitur
1546 1859 1689 1948 (5).
1745 1859 1950 1931 Civile
1989 1859 2270 1954 denique

274 2165 373 2246 (ι)
411 2167 544 2230 Νοιι
604 2167 977 2250 ignorabant
1023 2169 1286 2236 Romani
1313 2168 1477 2232 hanc
1509 2169 1997 2232 distinctionem.
2052 2169 2266 2236 Cicero

214 2267 270 2330 de
307 2257 535 2350 officiis,
574 2274 628 2334 1.
672 2275 732 2335 3.
778 2273 824 2335 l.
895 2273 1028 2360 144.
1080 2277 1160 2337 D.
1214 2275 1342 2352 50,
1391 2298 1486 2364 ¹7·
1558 2276 1684 2356 (de
1739 2297 1867 2360 reg.
1918 2279 2039 2357 jul.
2066 2275 2165 2358 )l.
2208 2298 2261 2338 1.

212 2374 313 2458 §5.
359 2382 431 2445 D.
463 2382 591 2455 50,
647 2383 717 2445 13
779 2380 899 2464 (de
937 2381 1244 2445 extraoid.
1290 2384 1676 2468 cognition.)

272 2512 367 2598 (2)
404 2514 604 2593 Voet‚
625 2515 862 2576 Comm.
888 2518 967 2576 ad
992 2515 1333 2591 pandect„
1356 2516 1404 2576 Ι.
1451 2539 1471 2578 ι
1503 2516 1532 2599 §
1569 2538 1620 2577 1.
1659 2515 1957 2592 Tlubaut,
1993 2514 2037 2575 l.
2072 2537 2127 2576 e.
2158 2515 2265 2598 §5.

209 2618 567 2687 Delvincourt
592 2671 610 2702 ,
646 2626 803 2707 juris
829 2644 984 2685 rom.
1017 2620 1319 2684 elementa
1348 2642 1368 2700 3
1417 2622 1597 2684 Paris
1636 2621 1785 2685 1823
1816 2667 1836 2699 ,
1883 2644 1906 2683 1
1961 2646 2021 2686 v.
2049 2623 2195 2686 8vo.
2229 2671 2247 2701 ‚

209 2746 256 2807 p.
288 2728 339 2790 6.
381 2733 605 2799 Merito
651 2730 814 2797 hanc
842 2731 1216 2798 divisionem
1251 2728 1455 2815 rejicit
1486 2729 1759 2796 Toullier
1779 2773 1796 2803 ,
1852 2728 1902 2795 Ι.
1955 2751 2013 2793 c.
2043 2729 2125 2796 Τ.
2158 2730 2200 2791 Ἰ
2232 2750 2262 2809 ,·

210 2855 259 2917 Ρ.
302 2837 354 2902 6.
719 2860 727 2867 ,
1874 2872 1879 2875 .

266 2970 368 3053 (3).
394 2972 495 3036 Pr,
537 2954 630 3057 §⁸1
664 3020 682 3048 ‚
717 2993 799 3048 α,
832 2970 894 3050 4.
928 2972 988 3035 J.
1024 2993 1046 3033 ι
1077 3017 1095 3048 ,
1129 2992 1204 3048 2,
1242 2970 1354 3052 (cle
1391 2972 1528 3053 jure
1561 2979 1690 3030 nat.
1720 3017 1737 3046 ‚
1777 2981 1946 3053 gent.
1989 2982 2052 3032 et
2085 2967 2254 3053 civ.)

204 3068 238 3132 l.
277 3097 328 3152 1,
375 3078 400 3162 §
446 3079 614 3159 24,
657 3079 687 3163 ς
730 3078 870 3140 2-5.
921 3077 967 3139 l.
1013 3098 1086 3166 9.
1131 3081 1211 3139 D.
1256 3077 1324 3139 h.
1371 3088 1422 3139 t.
1469 3075 1637 3139 ,Haec
1666 3075 1926 3152 „divisio
1982 3078 2062 3144 ab
2118 3079 2257 3139 aliis

200 3176 442 3263 laudata,
480 3187 566 3249 ab
617 3185 759 3247 aliis
803 3188 1010 3246 minus
1063 3196 1228 3246 reete
1280 3183 1600 3245 intellecta
1626 3223 1654 3260 ,
1713 3183 2089 3266 reprehensa
2132 3194 2256 3246 est.

200 3282 519 3375 Schulti‘ngii
547 3304 707 3354 notae
731 3291 808 3354 ad
848 3291 1047 3354 Pand.
1070 3339 1087 3368 ‚
1113 3291 1215 3352 ed.
1247 3289 1685 3373 Smallenburg
1716 3310 1737 3369 ς
1782 3289 1860 3351 ad
1903 3291 1950 3352 1.
2012 3313 2034 3353 1
2066 3338 2084 3368 ,
2125 3291 2154 3373 ᾗ
2193 3290 2255 3352 3.

202 3386 262 3453 D.
290 3415 350 3471 1,
384 3419 432 3459 1.
465 3400 543 3460 T.
570 3399 636 3477 1,
663 3421 725 3482 p.
768 3397 837 3459 15
857 3410 920 3460 et
949 3418 1079 3481 seq.
1113 3396 1275 3465 Vide
1294 3417 1507 3479 opusc.
1545 3415 1751 3458 meum
1782 3395 2092 3471 Versucb,
2118 3404 2240 3457 etc.

203 3515 250 3576 p
293 3502 490 3566 13-216.

265 3625 461 3710 (ML.
517 3632 765 3715 1‚§3.
811 3634 892 3696 D.
939 3634 1062 3695 cit.
1094 3634 1351 3707 (tieem,
1397 3630 1477 3692 de
1517 3628 1790 3708 Officiis.
1812 3628 2016 3709 Ῑ,4.

264 3757 351 3846 (5)
389 3759 538 3838 Quae
585 3760 711 3821 sint
764 3763 921 3842 juris
966 3762 1243 3842 gentium
1298 3758 1685 3820 referuntl.
1720 3779 1785 3835 1,
1828 3759 1858 3842 §
1905 3757 2063 3837 4,1.
2110 3760 2250 3822 2·5.

201 3857 260 3921 D·
294 3864 370 3927 fb.
403 3866 601 3931 Aliter
641 3866 827 3929 hodie
854 3870 949 3949 jus
987 3868 1264 3949 gentium
1295 3865 1546 3925 definiri
1571 3865 1856 3926 omnibus
1892 3877 2108 3926 notum
2137 3864 2261 3928 est..

204 3962 427 4034 Toullzer
459 3974 502 4036 l.
545 3998 600 4038 o.
630 4023 648 4055 ‚
689 3997 755 4062 p.
804 3973 918 4061 124
948 4022 967 4055 ‚
1024 3975 1232 4039 minus
1283 3983 1449 4035 recte
1488 3970 1759 4057 explieat
1809 3983 2088 4038 veterum
2140 3976 2256 4037 de-

203 4069 523 4147 finitionem.
