2893 4778
866 353 1082 402 unna
1139 352 1221 400 11.
1272 369 1371 385 --
1421 351 1577 402 car.
1632 354 1684 401 1.
2197 333 2339 408 555

218 506 430 558 casm,
492 483 557 545 in
604 479 858 571 quibus
892 481 1237 546 accessione
1287 504 1385 549 res
1409 493 1654 547 nostrae
1689 490 1855 554 sunt.
1911 480 2004 549 30.
2040 481 2353 549 Traditio·

215 619 435 663 rerum
484 595 670 661 nobis
719 593 1218 660 abalienatorum
1275 608 1342 691 et
1409 595 1736 662 fluctuum
1795 597 2130 689 acquisitio
2187 622 2339 664 usu-

216 711 552 778 fructuarii
616 708 1036 802 aliorumque.
1082 708 1179 791 40.
1221 684 1545 802 Usucapio
1579 711 1677 779 vel
1725 714 2118 805 plaescriptio
2162 713 2335 778 bona

225 825 350 892 fide
403 842 824 919 possessorum
874 831 1011 913 (1).
1139 844 1148 879 ἱ

539 1063 618 1129 C.
691 1063 810 1129 Do
854 1058 1280 1156 occupatione
1323 1086 1542 1131 rerum
1589 1056 1823 1130 nullius
1881 1068 1953 1149 (2
1976 1069 2021 1151 '-

310 1326 349 1368 a
367 1298 463 1383 14.
510 1297 965 1390 occupationis
1021 1297 1403 1399 vocabulum
1449 1299 1736 1393 generale
1781 1312 1871 1368 est
1887 1332 1917 1382 ‚·
1947 1312 2022 1368 ae
2070 1323 2337 1372 omnem*

219 1420 617 1511 possessionis
639 1417 735 1485 rei
770 1417 1339 1517 apprehensionem
1370 1418 1756 1485 demonstrat
1792 1418 1881 1505 (3)
1907 1422 1925 1503 3
1959 1421 2331 1512 interpretes

220 1547 435 1600 autem
485 1533 933 1624 occupationis
1014 1533 1275 1598 nomine
1339 1530 1739 1623 appellarunt
1806 1555 2020 1627 rerum
2076 1534 2332 1601 ‘nullius

221 1648 708 1739 occupationem
765 1646 979 1711 auimo
1021 1644 1308 1711 'dominii
1363 1645 1431 1711 in
1474 1671 1569 1712 ⁴ea
1635 1647 2005 1737 acquirendi
2047 1640 2331 1717 'fact-ain.

224 1762 380 1828 Haec
423 1762 826 1854 proprietatis
859 1761 1211 1861 ‘acquisitio
1260 1761 1500 1852 igitur,
1545 1757 1656 1826 illo
1709 1773 2025 1854 praecepto
2062 1755 2271 1829 nitens
2308 1791 2326 1830 ε

233 1905 262 1935 κ
320 1875 500 1968 quod
538 1868 774 1942 nullius
806 1887 899 1941 est
930 1873 999 1940 id
1035 1875 1248 1967 primo
1277 1876 1632 1971 ⁴occupanti
1682 1875 2050 1942 conceditur
2086 1908 2112 1937 2»
2167 1882 2189 1963 (
2208 1878 2330 1964 4),

223 1991 495 2083 requirit
529 2042 547 2071 ,
606 2003 683 2057 ut
734 1990 1177 2082 possessiouem
1219 1990 1313 2055 rei
1358 1986 1760 2080 acquirendae
1805 1989 2034 2081 aliquis
2087 1992 2333 2084 adipis·-
2426 2063 2435 2081 Ι

225 2118 409 2171 catur
423 2151 453 2186 ,
495 2104 808 2195 simulque
852 2104 1446 2184 animumhabeat,
1483 2127 1622 2170 rem
1654 2153 1676 2186 .‚
1730 2127 1895 2196 quae
1917 2103 2153 2171 nullius
2178 2119 2327 2190 est,

230 2218 388 2286 iude·
439 2244 619 2285 suam
667 2218 965 2305 faciendi.
1020 2219 1173 2285 Non
1231 2217 1355 2284 nisi
1407 2241 1503 2282 res
1528 2268 1546 2298 ‚
1615 2239 1759 2310 quae
1816 2217 2155 2288 dominum
2200 2245 2335 2288 non

229 2336 470 2404 habent
491 2388 510 2420 ‚
564 2334 667 2406 vel
703 2359 836 2403 non
879 2328 1115 2401 habere
1161 2339 1301 2424 jure
1335 2333 1707 2426 finguntur,
1738 2333 1865 2403 hoc
1906 2312 2099 2403 modo
2134 2359 2355 2432 occu-q

226 2449 435 2544 pantis
488 2452 630 2518 fieri
679 2464 942 2543 possunt
976 2503 992 2530 ‚
1047 2464 1121 2516 ut
1174 2461 1324 2517 sunt
1384 2448 1684 2517 anImalia
1725 2449 1860 2518 fera
1913 2451 1985 2518 in
2042 2449 2333 2520 libertate

227 2564 507 2634 naturali
532 2545 866 2659 degenti&
896 2565 1034 2634 a-liae
1062 2590 1157 2632 res
1179 2565 1443 2633 mobiles
1473 2562 1807 2634 dominum
1837 2565 2302 2636 nonhabentes
2319 2620 2337 2649 ‚

228 2694 304 2752 ut
348 2696 415 2750 et
450 2705 550 2750 res
584 2679 896 2756 derelictae
926 2731 944 2761 ,
991 2705 1089 2752 res
1131 2680 1419 2752 hostium
1442 2732 1461 2761 ,
1502 2705 1652 2750 cum
1691 2681 1924 2775 quibus
1965 2684 2201 2772 justum
2245 2673 2337 2758 est

230 2793 470 2890 bellum
494 2821 513 2882 ;
540 2794 829 2896 :denique
866 2793 1106 2887 praedia
1134 2818 1277 2887 quae
1314 2793 1555 2861 nullius
1593 2806 1744 2862 sunt
1763 2845 1780 2877 ‚
1828 2806 1895 2865 et
1941 2797 2079 2891 agri
2110 2798 2338 2866 deserti

319 3166 342 3246 (
372 3186 393 3226 1
420 3169 448 3244 )
490 3168 757 3230 Diverso
783 3166 999 3240 ordine
1024 3164 1257 3262 singuli
1283 3177 1565 3244 auctores
1587 3164 1702 3228 hos
1729 3168 2111 3250 acquirendi.
2128 3168 2341 3232 modos

237 3293 539 3355 exponere
587 3271 813 3336 solent.
861 3271 1206 3336 Historiam
1237 3263 1436 3357 hujus
1483 3272 1779 3336 doctrinae
1800 3257 2059 3342 enarrat
2118 3276 2347 3337 Haenel

234 3376 381 3441 diss.
425 3378 595 3442 laud.
652 3379 682 3463 §
745 3400 955 3464 ¹2-19·

321 3510 779 3595 (2)§12-16‚
816 3512 994 3596 §18‚
1021 3510 1147 3593 48,
1168 3513 1218 3575 Ῑ.
1253 3511 1320 3578 h.
1348 3524 1427 3577 t.-
1413 3513 1502 3596 ‚.l
1527 3515 1604 3576 3-
1610 3514 1681 3592 5,
1710 3514 1791 3574 D.
1825 3513 2327 3594 eod.·,PotIzie1-,

242 3616 461 3680 Traite'
492 3618 580 3678 du
633 3619 802 3680 droit
829 3620 907 3681 de
950 3620 1293 3698 domnine,
1344 3645 1418 3690 n.
1469 3643 1580 3684 20-
1551 3621 1708 3699 -85,
1759 3634 1822 3683 et
1864 3620 1973 3683 86
1985 3619 2128 3708 149.
2224 3625 2227 3626 ’

320 3754 446 3831 (3)
489 3752 834 3837 occupatio
884 3778 1010 3817 non
1053 3758 1174 3818 nisi
1212 3781 1248 3820 a
1276 3743 1722 3830 recentioribus
1748 3757 2167 3841 angustiorem
2208 3778 2351 3819 sen·-

240 3878 373 3929 Qum
402 3863 645 3943 accepit
657 3902 683 3936 ,
711 3884 837 3945 quo
862 3861 1053 3924 hodie
1072 3864 1246 3926 illam
1274 3866 1685 3950 intelligimus
1708 3886 1726 3925 τ
1758 3864 1904 3939 vide
1924 3864 2312 3951 Brissonium
2328 3910 2348 3942 ,

243 3963 322 4028 de
366 3967 618 4030 verbor.
671 3970 935 4053 signific.
985 3989 1135 4034 voce
1172 3973 1522 4056 Occupat-e.

322 4085 1779 4193 (4)1..3,n.12.t.,§12‘‚1.1h1d.·,caj.
1822 4103 1918 4181 11,
1970 4101 2265 4188 §6669.

1927 4205 2016 4283 25
