2893 4778
896 320 1109 374 LIBER
1162 322 1215 371 1.
1282 337 1378 356 ·-··
1434 320 1596 375 CAP.
1651 323 1737 374 n.
2006 357 2015 372 .-
2218 332 2368 411 177

331 444 480 511 Hoec
493 442 859 535 praesertim
881 448 983 532 jus
1010 444 1317 516 connubii
1338 454 1405 511 et
1432 446 1800 516 commercii
1821 447 2199 541 lespiciunt,
2226 455 2371 541 jura

231 582 395 627 cum
437 558 674 651 quibus
711 555 995 654 plurima
1029 557 1154 625 alia
1199 569 1356 633 sunt,
1382 563 1721 648 conjuncta
1758 565 1779 645 (
1806 587 1830 629 1
1856 568 1902 648 ).,
1946 561 2371 639 Connubium

224 684 332 742 est
362 677 463 761 jus
490 672 858 765 legitimum
894 673 1376 751 matrimonium
1417 674 1688 741 ineundi
1715 702 1734 758 ς
1780 654 1863 742 ex
1891 701 1970 743 eo
2015 684 2368 772 acquiritur

222 790 442 882 patria
493 800 770 881 potestas
798 837 815 866 ,
878 786 1087 854 oritur
1128 785 1464 856 vinculum
1506 788 1766 855 familiae
1813 803 1878 857 et
1920 796 2083 879 justa
2121 821 2369 891 cogna-

228 905 385 985 tio,
448 927 583 995 qua
620 903 920 968 nituntur
963 899 1252 994 legitima
1319 900 1519 970 tutela
1579 916 1644 970 et
1693 903 1982 997 legitima
2035 908 2369 983 hereditas.

226 1021 276 1086 J
277 1044 352 1086 us
393 1019 769 1087 commercii
826 1029 922 1083 est
973 1022 1070 1107 jus
1115 1017 1480 1087 dominium
1535 1017 1897 1113 legitimum
1943 1026 2315 1116 acquirendi
2348 1081 2367 1113 ‚

224 1136 438 1227 igitur
480 1147 550 1201 et
588 1131 960 1225 patrimonii
1010 1130 1345 1214 habendi,
1388 1132 1760 1217 alienandi,
1818 1138 2365 1235 contrahendique

223 1260 727 1341 potestaS‚q11a
777 1249 1011 1313 nititur
1053 1270 1315 1339 quoque
1352 1251 1712 1320 testamenti
1738 1250 1962 1333 factio,
2009 1257 2104 1341 jus
2132 1257 2368 1349 agendi

227 1363 624 1454 negotiaque
660 1359 868 1429 civilia
908 1360 1199 1452 gerendi.
1237 1361 1635 1430 Addendum
1675 1364 1846 1432 hisce
1890 1369 1989 1453 jus
2032 1371 2365 1439 existima·-

179 1493 190 1505 ’
230 1479 431 1542 tionis
460 1527 477 1556 ,
510 1498 642 1567 quo
676 1480 883 1541 omnis
906 1477 1064 1544 civis
1091 1477 1720 1571 propriae‘dignitatis
1741 1502 1928 1547 causa
1957 1483 2196 1575 gaudet
2223 1489 2311 1572 (2)
2339 1513 2361 1572 ς

234 1614 383 1683 quae
434 1590 696 1657 nonnisi
743 1614 828 1657 ex
869 1587 1040 1659 facto
1089 1594 1233 1680 ‘ejus
1288 1604 1401 1661 aut
1449 1595 1741 1662 consumi
1799 1608 1915 1665 aut
1971 1598 2181 1667 minui
2235 1624 2362 1702 po·-

237 1718 363 1782 test
418 1703 569 1789 (3).

330 1816 444 1903 34.
489 1814 760 1908 Triplex
804 1816 1007 1909 igitur
1048 1828 1142 1885 est
1180 1818 1405 1910 capitis
1456 1816 1850 1904 diminutio,
1913 1826 2194 1893 maxima
2241 1827 2364 1896 sci-

238 1930 431 2013 licet,
477 1930 691 1999 media
735 1943 804 1998 et
843 1933 1111 1999 minima
1164 1932 1304 2019 (4).
1369 1931 1555 2003 Illam
1605 1940 1891 2030 patitur,
1942 1941 2057 2032 qui
2101 1965 2184 2008 ex
2226 1945 2365 2012 cive

235 2062 303 2115 et
350 2047 562 2115 libero
612 2046 876 2114 homine
912 2067 1126 2116 servus
1172 2049 1490 2135 efficitur;
1536 2050 1816 2120 mediam
1864 2078 2070 2137 vero,
2118 2054 2236 2148 qui
2282 2055 2368 2123 li·-

235 2162 486 2229 bertate
516 2173 764 2228 retenta
811 2161 964 2230 civis
1006 2185 1134 2228 esse
1178 2161 1454 2249 desinit,
1510 2165 1549 2230 i.
1602 2189 1657 2232 e.
1706 2168 1822 2259 qui
1860 2170 2238 2260 peregrinus
2270 2167 2363 2241 fit.

238 2277 518 2342 Minima
573 2276 804 2366 capitis
838 2272 1186 2344 diminutio
1228 2279 1296 2342 in
1346 2302 1425 2345 eo
1472 2281 1832 2371 contingit,
1882 2284 1996 2373 qui
2044 2280 2364 2351 familiam

233 2396 372 2463 sive
416 2394 673 2463 civilem
715 2396 1171 2487 cognationem
1224 2408 1465 2478 mutat,
1523 2394 1864 2490 adoptione
1911 2395 2015 2468 vel
2078 2403 2361 2470 emanci-

233 2510 497 2600 patione
542 2506 690 2594 (5).
1998 2578 2013 2613 s

328 2621 514 2691 Servi
574 2619 848 2690 civiliter
907 2623 1145 2690 mortui
1197 2620 1481 2690 habendi
1540 2634 1745 2691 sunt·
1726 2674 1747 2709 ,
1817 2626 2146 2718 peregrini
2199 2623 2363 2699 olim*

230 2734 404 2825 juris
448 2732 652 2804 civilis
699 2737 1154 2805 communione
1211 2760 1346 2803 non
1404 2735 1819 2829 gaudebant,
1883 2742 2020 2826 jure
2067 2740 2371 2833 gentium*

325 3078 446 3161 (1)
487 3077 836 3162 Sequimur
858 3078 1307 3165 expositionem
1338 3075 1454 3140 cel.
1487 3077 1566 3140 de
1590 3075 2039 3164 Savigny.1‘n
2065 3078 2186 3143 den
2219 3079 2383 3143 Aba*

228 3185 459 3247 handl.
514 3185 633 3246 det·
691 3184 987 3265 Βενζίηει·
1026 3184 2350 3267 Academie‚Pkilol.Hist01—.Classe-,-
2387 3221 2390 3224 ⁴

230 3292 577 3374 lala-gang
617 3272 1142 3376 1812-1813‚p.
1195 3312 1335 3354 201.
1436 3309 1442 3315 “

330 3398 441 3481 (2)
483 3398 977 3484 Diligentissime
1011 3401 1220 3462 omnia
1261 3396 1497 3464 civium
1533 3400 1683 3483 jura
1713 3408 2038 3462 enumerat
2077 3366 2145 3461 et
2180 3396 2359 3461 illus·
2378 3380 2383 3389 ¹

231 3520 372 3572 *ιι-εί
403 3511 483 3571 G.
527 3495 650 3572 Ch.
694 3506 1041 3573 Burchardi
1057 3550 1083 3586 ,
1124 3507 1543 3590 Grundziige,
1585 3506 1616 3592 §
1657 3528 1812 3592 9-11
1845 3555 1861 3587 ,
1905 3530 1966 3593 p.
2011 3505 2232 3595 49-78.

330 3616 566 3698 (3)L.
600 3616 681 3695 5,
730 3614 760 3700 §
814 3637 888 3695 ι
941 3615 1023 3678 D.
1073 3614 1198 3693 50,
1259 3612 1330 3676 13
1376 3615 1499 3701 (de
1541 3613 1845 3678 extraord.
1902 3614 2211 3697 cognit.).
2258 3613 2357 3679 De

231 3723 435 3807 hujus
471 3724 953 3786 existimationis
978 3720 1397 3785 diminutione
1432 3723 1600 3785 infra
1627 3720 1901 3797 dicemus
1941 3721 2044 3804 (ιι.
2088 3718 2312 3804 45-49.
2329 3720 2356 3806 j

327 3828 452 3912 (4)
494 3829 578 3893 V.
622 3829 748 3892 100.
796 3850 936 3915 sup.
984 3831 1094 3893 cit.
1136 3840 1203 3892 et
1230 3842 1535 3892 auctores.

326 3937 453 4020 (5)
493 3935 607 4000 Du
636 3936 922 4021 Cam-‘my
949 3937 996 4001 l.
1019 3959 1074 4001 0.
1096 3938 1275 4001 conti
1276 3959 1310 4000 a
1338 3937 1505 4001 falsa!
1526 3932 2054 4023 interpretationis
2079 3922 2395 4002 auctores'

230 4045 479 4130 optime
529 4045 611 4110 de
657 4046 918 4112 minima
960 4040 1184 4131 capitis
1226 4045 1647 4109 diminutione
1684 4044 1983 4127 disputat.

1924 4172 2012 4229 12
