2893 4778
871 322 1086 370 Lmen
1136 323 1189 371 1.
1244 335 1335 350 -—-
1401 319 1560 377 car.
1613 319 1716 374 ιν.
2210 295 2340 368 25ι

229 443 450 511 locum
473 442 718 537 ‘habere
750 442 1026 527 docent3
1061 468 1213 509 cum
1257 466 1358 510 res
1384 442 1676 510 manibus
1697 437 2012 538 possidere
2042 442 2354 533 cupientis

232 571 547 650 occupata
610 561 696 624 sit·
721 610 739 637 ‚
804 561 1027 625 ceteris
1088 559 1157 625 in
1222 557 1464 628 casibus
1534 558 1789 666 nonnjsi
1865 553 2083 621 fictam
2146 554 2358 620 adesse
2424 641 2429 648 „

231 669 461 752 dicunt
485 672 1099 765 apprehensionem3
1135 673 1185 736 si
1206 673 1359 760 juris
1393 670 1818 740 decisionibus
1837 694 2005 751 ,eam
2031 669 2320 735 obtinere
2337 719 2356 748 ‚

231 799 555 853 statuatur
600 792 746 873 (1).
1314 775 1316 779 Α
1438 780 1442 784 ’
2406 767 2407 770 ¹

322 902 499 971 Sana
542 915 831 970 veterum
881 900 1390 996 fragmentorum
1436 899 1879 993 interpretatio
1927 924 2082 968 vero
2103 952 2120 980 ‚
2165 925 2359 994 gene-

230 1015 537 1085 mliorem
608 1016 903 1109 regulam
975 1042 1016 1083 a
1085 1015 1540 1110 jurisconsultis
1610 1017 1887 1082 romanis
1963 1016 2358 1082 observatam

233 1132 425 1199 fuisse
454 1131 688 1224 probat
726 1181 745 1216 ‚
788 1155 826 1196 e
863 1156 994 1228 qua
1038 1155 1257 1197 omnes
1295 1129 1554 1196 illorum
1585 1128 1926 1197 decisiones
1958 1142 2023 1196 et
2059 1153 2359 1221 responsa

232 1259 552 1338 tanquam
612 1249 774 1314 uno‘
810 1269 892 1311 ex
949 1246 1270 1337 principio
1319 1242 1550 1311 deduci
1578 1241 1670 1311 “et
1722 1242 2017 1310 illustrari
2066 1256 2355 1335 possunt.

238 1360 457 1438 Omne
521 1361 696 1425 enim
744 1357 988 1426 factum
1019 1410 1036 1439 ‚
1099 1360 1181 1425 ab
1233 1347 1448 1450 aliquo
1510 1383 1586 1425 eo
1641 1360 1856 1424 animo
1904 1345 2309 1424 commissum
2340 1407 2358 1437 ‚

237 1482 310 1542 ut
343 1494 489 1537 rem
523 1468 804 1562 aliquam
838 1472 1130 1561 potestati
1168 1479 1294 1537 suae
1346 1472 1678 1560 subjiciat,
1724 1484 1790 1543 et
1845 1496 1978 1562 quo
2033 1455 2359 1537 communi

238 1584 585 1651 hominum
641 1587 941 1677 opinione
987 1586 1045 1649 ei
1096 1584 1399 1652 naturalis
1443 1584 1525 1651 de
1575 1610 1648 1650 ea
1680 1584 2058 1677 disponendi
2099 1584 2364 1651 facultas
2451 1636 2455 1642 .

242 1699 556 1791 acquisita
620 1723 749 1764 esse
809 1712 1101 1768 censetur
1130 1750 1147 1781 ‚
1198 1724 1321 1791 pro
1386 1701 1483 1765 rei
1535 1699 2039 1791 apprehensione
2094 1698 2364 1790 ideoque

242 1836 362 1903 pro
432 1809 740 1877 naturalis
806 1813 901 1878 rei
962 1813 1360 1904 possessionis
1419 1815 1838 1905 acquisitione
1884 1814 2108 1879 haberi
2154 1813 2362 1883 debet.

244 1924 438 1995 Unde
484 1950 618 1998 non
659 1927 980 2026 immerito
1022 1931 1137 2010 (2)
1170 1926 1405 1994 Paulus
1444 1928 1558 2011 (3)
1603 1952 1737 1993 non
1775 1940 2040 2018 corpore
2078 1941 2143 1993 et
2188 1929 2361 2001 tact‘u

246 2061 495 2105 necesse
564 2062 690 2103 esse
777 2037 1257 2130 adprehendere
1334 2042 1784 2129 possessionem
1847 2037 2008 2105 dicit
2041 2089 2058 2119 ‚
2127 2037 2236 2104 sed
2301 2049 2368 2103 et
2466 2127 2471 2132 -

254 2181 283 2230 ²2
335 2178 546 2219 oenus
591 2179 665 2218 m·
720 2179 977 2220 amc-ru
1014 2183 1041 2212 a
1095 2152 1165 2218 id
1203 2152 1344 2222 fieri
1397 2178 1601 2245 posse.
2316 2148 2323 2155 ’

338 2264 591 2355 Quodsi
629 2290 800 2364 ergo
821 2270 1266 2359 possessionem
1311 2268 1403 2334 rei
1433 2319 1452 2346 ‚
1493 2292 1685 2359 quam
1725 2265 1887 2332 alter
1922 2265 2104 2360 nobis
2145 2263 2365 2364 cedere

253 2377 389 2447 vult
415 2430 434 2460 ‚
486 2379 964 2473 apprehendere
1014 2380 1315 2452 volumus
1349 2409 1366 2465 3
1419 2381 1544 2448 hoc
1583 2378 1882 2447 facillime
1931 2388 2015 2447 eo'
2049 2378 2187 2447 fieri
2239 2405 2369 2472 po·-

254 2497 401 2562 terit
430 2546 450 2575 ‚
493 2508 568 2561 ut
597 2493 822 2562 cedens
852 2495 931 2562 de
968 2521 1043 2563 ea
1073 2521 1141 2562 re
1178 2495 1557 2593 disponendi
1585 2494 1950 2563 facultatem
1977 2517 2363 2587 quocunque

253 2607 448 2675 modo
500 2608 808 2677 concedat
846 2611 1047 2679 nobis,
1096 2608 1365 2699 Quoties
1412 2634 1563 2680 vero
1609 2635 1746 2676 rem
1789 2611 1970 2679 nobis
2019 2610 2366 2697 subjectam·

255 2721 492 2791 habere
543 2722 727 2789 aliter
768 2748 904 2794 non
946 2748 1328 2817 possumus,
1373 2725 1496 2797 nisi
1545 2721 1960 2829 corporaliter
2000 2749 2142 2789 eam
2179 2748 2370 2791 occu-

254 2835 470 2968 pando
505 2850 571 2902 et
607 2836 915 2944 tenend0‚
953 2849 1131 2907 tactu
1174 2850 1345 2915 certe
1377 2862 1538 2937 opus
1565 2850 1691 2918 est,
1729 2850 1803 2903 ut
1839 2836 2157 2977 possidere
2197 2837 2372 2907 illam

257 2952 667 3045 incipiamus.

358 3091 379 3132 1
403 3090 510 3135 12.
557 3064 775 3137 Fundi
825 3068 1274 3159 possessionem
1307 3062 1508 3161 igitur
1545 3065 2082 3165 apprehendimus
2131 3095 2148 3132 ε
2192 3091 2253 3135 α.
2299 3065 2371 3134 Si

261 3181 354 3260 is,
407 3183 526 3272 qui
572 3205 715 3246 eam
758 3182 944 3248 nobis
987 3180 1207 3248 cedere
1243 3181 1386 3249 vult
1414 3234 1429 3263 ‚
1494 3181 1564 3248 in
1609 3184 1747 3280 ipso
1792 3181 1933 3248 loco
1976 3180 2372 3253 voluntatem

262 3318 440 3362 suam
472 3346 490 3376 ,
554 3293 829 3363 fundum
876 3296 1061 3363 nobis
1110 3294 1407 3365 tradendi
1449 3347 1468 3378 ,
1535 3294 1828 3363 declarat.
1874 3295 1934 3361 b.
1975 3295 2046 3362 Si
2092 3298 2376 3364 vicinum

349 3638 455 3723 (1)
497 3638 651 3703 Inde
679 3639 837 3703 fictae
872 3649 936 3701 et
970 3638 1321 3725 symbolicae
1356 3639 1453 3703 hae
1487 3639 2011 3724 apprehensiones
2038 3647 2374 3718 vocantur,
2424 3640 2431 3647 '

272 3743 457 3830 idque
501 3749 625 3828 iam
667 3769 706 3811 a
747 3746 1232 3810 Glossatoribus.
1286 3748 1359 3810 V
1351 3768 1436 3810 on
1479 3750 1789 3828 Savig‘ny,
1833 3770 1896 3832 p.
1950 3745 2083 3829 159·

352 3854 488 3933 (2)
531 3852 872 3917 Commune
913 3856 1297 3945 principium
1338 3856 1505 3918 eruit
1544 3875 1676 3915 von
1716 3838 1994 3932 Savigny
2021 3900 2040 3931 ,
2099 3875 2163 3936 p.
2217 3852 2330 3933 ι64
2360 3903 2377 3932 ,

273 3970 337 4021 et
376 3961 406 4043 ς
459 3960 574 4037 18,
618 3985 684 4046 p.
740 3984 1085 4049 192,199.
1135 3965 1433 4047 ΤΙιὸηιίε,
1482 3988 1547 4053 p.
1601 3966 1717 4051 237
1783 3974 1845 4028 et
1886 3963 2134 4048 p.2'41.

351 4064 487 4145 (3)
529 4067 598 4130 L.
651 4089 734 4145 1,
779 4068 811 4157 §
855 4089 977 4149 21,
1023 4070 1106 4133 D.
1151 4069 1317 4134 hm.
