2893 4778
553 320 642 393 16
876 340 1385 393 coMMuurAnu
1433 341 1634 391 smus
1683 307 1968 392 nomam
2020 346 2338 397 rva‘n.

547 465 856 534 militibus
908 468 1110 552 jussus
1172 459 1323 529 dare
1369 459 1658 528 solebant
1688 513 1705 544 ‚
1757 466 1901 554 pari
1952 465 2146 534 modo
2201 444 2670 558 rempublicam

545 581 969 672 gubernantes
1036 599 1283 643 summa
1338 560 1649 667 potestate
1705 579 2159 670 praecipiebant
2209 595 2278 649 et
2333 584 2666 670 jubebant.

632 688 1135 786 Distinguuntur
1189 701 1402 756 autem
1469 688 1714 758 diversa
1777 695 2303 762 constitutionum
2369 723 2605 789 genera
2645 753 2667 784 ‚

544 807 844 876 mandata
891 804 1167 885 scilicet,
1215 802 1455 884 edicta,
1504 801 1756 873 decreta
1803 818 1867 872 et
1896 812 2201 900 rescripta
2242 815 2386 896 (1).
2425 813 2667 884 Edicta

544 936 729 990 erant
775 927 978 1011 jussus
1037 921 1498 1011 imperatorum
1558 917 1640 985 ad
1687 918 2001 1012 populum
2055 925 2284 990 emissi.
2348 923 2668 1014 Quamvis

544 1040 717 1105 enim
747 1038 1079 1130 saepissime
1118 1035 1531 1126 imperatores
1571 1047 1822 1101 senatus
1860 1039 2239 1104 auctoritate
2275 1051 2625 1112 statuerent
2644 1096 2666 1127 ‚

543 1176 686 1244 quae
734 1148 1111 1243 generaliter
1163 1147 1403 1213 sancita
1468 1144 1725 1214 voluere
1751 1199 1768 1228 ‚
1831 1149 2251 1218 nihilominus
2323 1178 2459 1220 non
2508 1181 2662 1225 raro
2747 1232 2774 1239 -

542 1267 664 1358 ipsi
705 1264 790 1331 ad
820 1263 1307 1354 magistratuum
1361 1258 1729 1352 exemplum
1776 1262 2112 1331 edicebant
2128 1311 2157 1345 ,
2200 1269 2329 1353 jam
2379 1268 2531 1337 inde
2576 1272 2668 1338 ab
2767 1332 2776 1340 .

542 1379 824 1473 Augusti
863 1375 1281 1468 temporibuS.
1337 1375 1551 1441 Aucto
1604 1398 1829 1442 eorum
1864 1378 2137 1468 imperio
2154 1431 2172 1461 ,
2224 1385 2536 1472 posterius
2588 1388 2666 1452 in

540 1490 871 1562 infinitum
916 1490 1278 1557 edictorum
1317 1512 1575 1580 quoque
1611 1513 1918 1556 numerus
1950 1505 2171 1559 auctus
2201 1507 2301 1562 -est
2321 1484 2352 1578 3¹
2388 1499 2475 1563 ita
2514 1499 2672 1590 qui-

542 1608 692 1678 dem
713 1660 731 1689 ‚
790 1618 867 1673 ut
922 1603 1104 1696 leges
1143 1646 1171 1683 ,
1222 1601 1407 1694 leges
1459 1601 1777 1670 edic-mles
1810 1648 1840 1684 ,
1902 1605 2198 1699 epzktoloe
2254 1610 2615 1700 generales
2640 1667 2659 1696 ,

541 1727 917 1792 sanctiones
944 1717 1045 1789 vel
1084 1721 1576 1783 constz‘tutzbnes
1610 1717 1969 1808 generales
2001 1721 2511 1814 appellarentur,
2557 1750 2669 1795 so-

540 1839 763 1931 lusque
797 1836 950 1923 juris
981 1832 1234 1900 romani
1282 1829 1425 1898 fons
1459 1845 1793 1899 manerent
1842 1836 1915 1918 (2
1934 1838 1978 1919 ).
2461 1832 2472 1845 κ

629 1950 938 2021 Mandata
981 1947 1363 2015 dicebantur
1406 1943 1643 2037 placita
1686 1949 2145 2040 imperatorum
2165 2001 2182 2031 ‚
2229 1952 2472 2044 quibus
2512 1978 2664 2022 ma-

543 2067 910 2162 gistratibus
955 2062 1202 2156 aliquid
1247 2062 1589 2154 praecipere
1630 2062 1917 2130 solebant
1935 2116 1953 2145 ‚
2013 2065 2209 2134 veluti
2252 2066 2335 2133 ad
2385 2083 2665 2140 rectores

539 2207 654 2252 seu
685 2180 978 2276 praesides
1017 2179 1502 2272 provinciarum
1551 2178 1754 2245 missa.
1800 2177 2073 2246 Decreta
2114 2195 2295 2250 erant
2331 2188 2662 2254 sententiae

540 2299 1001 2392 imperatorum
1023 2347 1040 2376 ‚
1100 2317 1258 2386 quas
1305 2293 1373 2358 in
1422 2292 1621 2358 causis
1659 2315 1776 2384 per
1815 2299 2337 2384 provocationem
2381 2284 2492 2367 seu
2535 2324 2662 2393 ap-

539 2416 956 2510 pellationem
1008 2411 1090 2478 ad
1137 2436 1248 2478 eos
1299 2409 1525 2477 delatis
1571 2420 1762 2501 atque
1806 2413 2097 2541 ,cognitis
2158 2417 2230 2481 in
2289 2420 2664 2487 consistorio

538 2531 848 2625 principis
885 2528 1129 2598 ferrent
1149 2578 1164 2606 ‚
1201 2524 1305 2594 vel
1341 2526 1413 2589 in
1448 2523 1968 2615 extraordinari1s
2014 2530 2517 2620 cognitionibus.

631 2646 961 2734 Rescripta
1021 2639 1295 2730 denique
1365 2635 1742 2704 dicebantur
1804 2638 2082 2735 epistolae
2150 2643 2610 2735 imperatorum
2636 2699 2657 2730 ,

543 2783 698 2850 quas
731 2751 811 2824 de
844 2760 983 2844 jure
1017 2759 1122 2820 eos
1166 2753 1709 2844 interrogantibus
1749 2754 2134 2823 scribebant.

631 2870 1002 2940 Adibantur
1029 2869 1207 2947 enim
1229 2916 1249 2950 ‚
1296 2848 1611 2933 crescente
1657 2892 1881 2934 eorum
1923 2872 2193 2962 imperio
2213 2922 2229 2951 ,
2280 2898 2320 2937 a
2359 2875 2624 2965 privatis
2644 2901 2691 2956 ,·

543 2986 893 3081 praesertim
932 3010 972 3050 a
1015 2981 1268 3049 feminis
1307 2993 1373 3047 et
1405 2979 1713 3050 militibus
1746 3035 1762 3063 ‚
1810 2983 2096 3074 quotidie
2125 2983 2386 3068 libellis,
2425 2999 2505 3054 ut
2548 3002 2665 3056 aut

543 3100 624 3168 de
643 3106 785 3189 jure
803 3097 1288 3191 responderent,
1308 3109 1419 3162 aut
1438 3094 1776 3188 privilegia
1796 3097 2224 3165 concederent
2250 3102 2657 3193 rogantibus.

541 3209 973 3279 Rescribendo
1029 3208 1109 3277 de
1165 3210 1340 3277 hisce
1397 3209 1869 3274 constituebant
1911 3236 1935 3274 ⁴=
1980 3210 2152 3289 unde
2196 3211 2295 3277 hae
2342 3215 2660 3282 constitu-

544 3330 747 3395 tiones
787 3348 1045 3419 quoque
1087 3322 1364 3415 epis'·olae
1415 3320 1790 3389 dicebantur
1809 3372 1826 3403 ‚
1878 3335 1989 3389 aut
2030 3325 2503 3405 annotationeS‚
2552 3327 2659 3395 vel

543 3442 1018 3507 subnotationes
1037 3488 1055 3517 ‚
1092 3439 1146 3501 si
1189 3434 1272 3502 ad
1302 3436 1661 3525 marginem
1707 3434 1818 3525 vel⁴
1842 3437 1914 3500 in
1950 3434 2080 3501 fine
2116 3435 2313 3501 libelli
2347 3440 2660 3531 principis

516 3572 527 3610 -’
545 3556 865 3648 responsio
933 3549 1295 3618 addeoetur.
1365 3550 1696 3641 Rescripta
1764 3548 1846 3615 ad
1905 3550 2258 3641 municipia
2317 3550 2515 3620 aliave
2574 3554 2660 3622 ad
2734 3532 2744 3545 ⁸

629 3855 740 3937 (1)
781 3823 971 3914 B‘aeh.
1028 3803 1164 3939 111J„
1189 3808 1244 3913 ε’.
1293 3850 1346 3910 1.
1381 3870 1431 3909 s.
1484 3848 1596 3909 lv.
1652 3848 1682 3931 §
1730 3848 1794 3909 3.

518 4033 521 4036 -
631 3984 741 4066 (2)
781 3982 944 4044 Vide
981 3984 1059 4045 de
1097 3984 1177 4070 iis
1212 3981 1596 4057 Bouchaud,
1657 3978 1697 4040 l.
1747 4002 1806 4042 c.
1847 3990 1913 4041 et
1968 3977 2281 4041 Heineccii
2334 3979 2659 4060 Opuscula

489 4119 506 4134 ·
547 4091 997 4180 posthumiup.
1039 4089 1328 4169 140-152.
1355 4089 1424 4154 In
1443 4087 1682 4174 operib.
1704 4088 1781 4152 T.
1805 4085 1955 4152 Vll.
1971 4098 2123 4151 sect.
2145 4086 2234 4162 11,
2257 4108 2320 4164 p.
2355 4084 2653 4167 144-156.
