2893 4778
570 307 709 408 176
901 330 1414 383 commum-Anu
1468 327 1667 380 muts
1720 317 2003 382 nomm
2054 336 2371 385 rnth‘rr.

560 475 758 547 quare
812 476 946 521 non
987 456 1306 522 immerito
1354 453 1491 521 illas
1532 455 1847 523 naturales
1878 510 1895 539 ,
1944 458 2059 525 has
2109 459 2325 528 civiles
2348 533 2351 536 ,
2374 481 2673 553 personas

558 593 861 638 vocavere
906 574 1041 654 (1).

652 685 756 751 32.
811 683 1083 763 Homo,
1151 706 1436 775 personae
1506 683 1808 776 qualitate
1874 686 2205 779 gaudens,
2271 702 2511 757 statum
2569 690 2675 757 vel

558 807 750 887 caput
790 794 1024 858 habere
1072 792 1356 874 dicitur,
1403 796 1453 859 i.
1483 818 1538 859 e.
1571 792 1849 885 aliquam
1889 800 2349 888 capacitatem,
2376 803 2513 885 jura
2545 801 2669 866 sibi

557 910 873 990 habendi,
897 909 1303 1003 acquirendi,
1331 911 1433 978 vel
1453 912 1806 978 exercendi.
1835 914 2038 1000 Hujus
2054 916 2418 1007 capacitaus
2436 899 2677 984 diversi

557 1039 708 1093 sunt
756 1022 1041 1117 gradus·
1024 1075 1043 1108 ,
1105 1022 1465 1116 plenissima
1509 1026 1683 1135 apud
1722 1028 2044 1095 Romanos
2080 1054 2368 1096 concessa
2415 1035 2672 1098 tantum

554 1155 692 1208 erat
740 1141 956 1207 liberis
992 1138 1360 1206 homin-ibus
1382 1191 1400 1220 ,
1444 1129 1689 1209 civibus
1730 1147 2009 1208 romanis
2030 1193 2047 1222 ,
2097 1142 2333 1228 nullius
2365 1145 2674 1235 potestati

553 1257 885 1345 subjectis,
932 1253 1223 1322 masculis
1243 1305 1260 1334 ,
1313 1267 1496 1321 aetate
1536 1257 1882 1343 majoribus
1908 1308 1925 1337 ,
1980 1269 2047 1323 et
2088 1258 2319 1324 mentis
2371 1282 2498 1323 suae
2539 1282 2673 1350 po—

554 1370 834 1439 tentibus
872 1372 1011 1454 (2).
1043 1361 1442 1435 caeterorum
1479 1371 1789 1461 capacitas
1821 1369 2082 1438 diversis
2109 1355 2313 1438 modis
2350 1369 2673 1462 diminuta

553 1497 691 1552 erat
723 1535 741 1565 ,
792 1496 902 1549 aut
950 1483 1044 1564 ob(
1078 1485 1450 1570 servitutem
1490 1534 1508 1564 ,
1572 1485 1657 1551 ob
1718 1488 1814 1570 jus
1862 1486 2133 1551 civitatis
2185 1536 2202 1564 ,
2269 1485 2353 1551 ob
2405 1484 2672 1552 familiae

554 1596 885 1666 vinculum
906 1648 923 1677 ,
974 1597 1060 1663 ob
1095 1598 1290 1664 animi
1320 1593 1642 1664 desectum
1665 1648 1684 1681 ,
1721 1621 1944 1664 sexum
1963 1599 2065 1667 vel
2083 1609 2349 1665 aetatem
2371 1650 2389 1680 ,
2436 1598 2670 1670 aliasve

486 1695 492 1702 ⁸
554 1710 862 1806 quasdam
909 1711 994 1777 ob
1050 1733 1261 1776 causas
1315 1713 1581 1777 minoris
1619 1713 1946 1779 momenti.
2061 1719 2066 1724 ’

635 1828 903 1894 Diversa
948 1823 1095 1892 inde
1141 1829 1344 1891 inter·
1362 1826 1653 1892 homines
1691 1828 1848 1914 juris
1892 1825 2260 1893 discrimina
2303 1826 2612 1894 oriuntur
2642 1876 2665 1908 ,

553 1939 634 2006 de
680 1942 912 2031 quibus
965 1939 1235 2032 singulis
1274 1941 1605 2031 speciatim
1652 1939 2159 2032 disquirendum.

646 2055 750 2120 33.
798 2056 1074 2120 Romani
1120 2055 1325 2122 civem
1370 2053 1629 2147 triplex
1652 2067 1845 2147 caput
1894 2055 2129 2121 habere
2172 2053 2523 2132 dixerunt,
2580 2052 2666 2119 li-

554 2171 866 2236 bertatem
891 2167 1170 2247 scilicet,
1201 2170 1529 2237 civitatem
1561 2182 1626 2236 et
1656 2168 1966 2235 familiam
1994 2144 2160 2255 (3),
2100 2169 2431 2260 )quibus
2453 2168 2670 2236 ve1his

425 2305 428 2308 ’
549 2310 835 2378 personae
898 2287 1143 2378 capacis
1199 2291 1343 2373 jura
1405 2286 1731 2379 praecipua
1791 2285 2119 2380 designare
2184 2284 2433 2356 volunt.
2497 2285 2670 2353 Sunt

551 2426 626 2467 ea
670 2415 780 2469 aut
809 2401 1077 2497 *publica
1125 2405 1145 2485 (
1166 2403 1247 2487 4)
1298 2413 1408 2502 aut
1452 2403 1724 2493 privata.

636 2671 740 2755 (1)
786 2671 898 2733 His
962 2673 1323 2734 nominibus
1391 2675 1595 2735 utitur
1629 2673 1911 2735 Pothier.
1984 2672 2115 2733 Alii
2161 2671 2303 2733 illas
2372 2671 2668 2755 physicas

549 2801 846 2860 personas
904 2777 1172 2855 dicunt,
1240 2779 1354 2841 has
1425 2781 1772 2861 juridicas,
1839 2780 2132 2863 mysticas
2194 2777 2297 2842 vel
2371 2760 2664 2839 morales.

548 2884 711 2944 Sunt
753 2888 930 2968 quasi
980 2888 1251 2969 personae
1296 2885 1742 2970 incorporales,

546 2988 762 3071 ,)(2
757 2991 1023 3055 Omnes
1059 2993 1419 3073 capacitatis
1461 2992 1688 3072 gradus
1716 2992 1989 3074 primum
2022 2954 2489 3057 accuratissime
2534 2989 2664 3051 dis-

547 3100 731 3161 tinxit
765 3099 1139 3173 Blondeau,
1181 3102 1248 3160 in
1291 3100 1356 3159 T
1339 3101 1615 3163 ableaax
1651 3105 2044 3187 synoptiques
2073 3101 2158 3161 du
2183 3101 2350 3161 droit
2384 3102 2663 3163 romain.

544 3207 675 3268 Ed.
720 3228 814 3268 2a.
854 3208 1049 3267 Parzs
1098 3205 1450 3285 1818,4to.
1502 3207 1908 3288 (1110.Tab1e
1952 3208 2318 3293 generale).

628 3315 743 3397 (3)
788 3314 1121 3375 Tractatur
1169 3312 1289 3374 hoc
1336 3326 1769 3395 argumentum
1816 3317 1882 3375 in
1943 3316 2194 3376 Inst.1.
2259 3312 2332 3374 16
2385 3313 2513 3407 (de
2560 3334 2667 3375 ca-

447 3468 452 3476 .
549 3423 705 3504 pitis
749 3420 1236 3500 diminutione.)
1279 3422 1422 3501 Dig.
1462 3422 1546 3499 4,
1589 3421 1633 3484 5
1671 3423 1799 3502 (de
1838 3422 2040 3504 capite
2078 3423 2415 3502 minutis.)
2454 3421 2594 3502 Gaj.
2634 3441 2659 3481 1

546 3528 578 3612 ᾗ
615 3527 934 3607 158-1633
973 3527 1127 3609 Ulp.
1160 3527 1328 3610 frag.
1359 3529 1451 3588 XI
1482 3541 1569 3597 n0.
1593 3528 1770 3612 9-13.
1817 3529 2120 3589 Auctores
2151 3529 2229 3589 de
2260 3548 2335 3589 eo
2362 3529 2667 3589 recentis-

544 3635 685 3697 simi
734 3645 943 3696 sunt.
998 3655 1128 3695 von
1175 3636 1583 3711 Feuerbaclz,
1646 3635 1951 3698 Ver-suche
2005 3657 2069 3697 n.
2109 3635 2253 3714 V1·‚
2295 3658 2359 3696 υ.
2409 3631 2617 3697 Loehr
2643 3683 2661 3712 ‚

547 3743 999 3822 Magazin-,v
1005 3739 1161 3819 .4‚
1224 3764 1289 3802 n.
1353 3764 1377 3802 1
1423 3763 1443 3821 3
1504 3741 1613 3803 Du
1669 3745 1958 3820 Caurroy
2000 3741 2101 3801 de
2134 3740 2204 3806 la
2264 3742 2520 3817 Croix,
2592 3744 2662 3801 in

546 3852 899 3926 Themide,
931 3852 1007 3912 T.
1064 3851 1199 3927 111,
1247 3875 1313 3936 p.
1368 3873 1519 3935 171-
1482 3849 1665 3928 -.184

629 3956 742 4039 (4)
724 3956 1153 4034 )Consistunt
1210 3957 1601 4039 potissimum
1656 3961 1723 4018 in
1775 3960 1907 4038 jure
1962 3868 2241 4038 suffragii
2273 4001 2292 4032 ,
2344 3953 2662 4015 honorum

547 4059 902 4147 postulandi
937 4111 955 4145 ,
998 4075 1119 4129 etc.
1151 4064 1228 4128 de
1256 4065 1484 4149 quibus
1514 4064 1632 4128 hoc
1660 4064 1729 4127 in
1758 4063 1923 4127 libro
1943 4074 2207 4127 tractare
2228 4060 2353 4126 loci
2374 4081 2502 4123 non
2534 4072 2655 4126 est.
