2893 4778
610 313 701 383 26
933 336 1437 383 ΟΟΜΜΕΝΤΔΒῘῙ
1489 335 1686 382 smus
1741 335 2020 382 ROMAM
2073 338 2390 386 PRIVATI-

1525 511 1552 594 ς
1629 507 1787 580 xv,

698 872 754 945 E
806 882 1130 949 Ciceronis
1174 897 1353 949 aetate
1400 907 1552 950 vero
1615 886 1959 974 praesertim
2007 881 2495 974 jurisprudentia
2534 879 2710 972 apud

604 996 921 1071 Romanos
959 998 1228 1064 effloruit
1249 1050 1266 1077 ,
1306 1011 1373 1064 et
1413 997 1691 1064 mirabili
1725 997 1935 1070 studio
1969 1025 2006 1067 a
2039 998 2558 1091 praestantissimis
2597 997 2707 1059 in-

606 1113 796 1201 genio
843 1137 913 1177 ac
959 1110 1247 1178 doctrina
1299 1114 1449 1179 viris
1489 1136 1606 1205 per
1656 1128 1931 1205 quatuor
1968 1112 2099 1181 fere
2148 1111 2374 1182 saecula
2409 1109 2662 1179 exculta
2679 1120 2703 1188 ',

604 1222 685 1288 ad
733 1250 1056 1291 summum
1099 1225 1501 1316 perfectionis
1553 1225 1874 1318 fastigium
1932 1226 2096 1294 elata
2151 1238 2290 1305 θεῖς
2346 1237 2420 1290 ut
2459 1222 2710 1288 nullum

602 1339 773 1429 apud
819 1339 1129 1432 populum
1170 1341 1321 1407 tales
1362 1342 1833 1428 jurisconsultos
1880 1345 2154 1408 extitisse
2183 1393 2199 1420 ,
2255 1366 2371 1407 nec
2428 1355 2559 1406 tam
2596 1365 2710 1405 su-

594 1457 865 1522 blimem
922 1461 1077 1547 juris
1116 1473 1317 1526 artem
1362 1461 1639 1526 floruisse
1702 1463 1866 1528 inter
1924 1460 2140 1527 doctos
2190 1457 2383 1524 hodie
2449 1469 2711 1523 constet.

606 1568 857 1661 Scripta
894 1572 1129 1638 horum
1170 1573 1759 1661 jurisconsultorum
1785 1626 1800 1651 ,
1852 1575 1966 1663 qui
2007 1571 2420 1641 classicorum
2458 1568 2713 1636 laudem

603 1683 767 1749 hene
832 1701 1202 1753 meruerunt
1226 1739 1242 1766 ‚
1312 1665 1617 1753 uberrimi
1682 1685 2053 1753 eruditionis
2108 1697 2174 1752 et
2223 1689 2378 1771 ‘juris
2431 1687 2714 1750 scientiae

604 1795 811 1864 fontes
862 1800 1222 1884 habentur3
1281 1827 1477 1893 quam
1537 1803 1935 1893 potissimum
1997 1802 2080 1867 oh
2148 1803 2464 1872 rationem
2515 1803 2714 1889 juris·-

552 1927 557 1931 “
605 1913 947 2005 prudentia
991 1939 1254 1981 romana
1301 1915 1492 1982 hodie
1540 1915 1708 1981 tradi
1754 1915 1910 1981 solet
1949 1920 2074 2000 (2).

699 2029 1001 2118 Quorum
1028 2023 1615 2116 jurisconsultorum
1657 2034 1885 2099 merita
1930 2057 2078 2101 cum
2128 2029 2277 2100 alibi
2332 2036 2460 2115 jam
2503 2053 2716 2121 expo-

606 2149 912 2212 suerimus
929 2199 945 2224 ‚
985 2148 1109 2213 hoc
1163 2147 1304 2215 loco
1352 2149 1840 2217 clarissimorum
1882 2174 2104 2214 eorum
2156 2149 2419 2213 nomina
2460 2158 2716 2210 tantum

609 2267 797 2352 atque
831 2263 1062 2353 scripta
1095 2262 1329 2329 referre
1367 2262 1658 2331 volumus
1697 2264 1833 2345 (3).
1859 2264 2112 2328 Primus
2155 2259 2719 2350 jurisprudentiam

608 2379 697 2441 in
749 2379 901 2444 artis
969 2377 1261 2472 ordinem
1326 2378 1638 2471 redegisse
1714 2378 1948 2443 dicitur
2007 2377 2265 2445 Servius
2352 2375 2673 2467 Sulpicius
2705 2427 2721 2453 ‚

610 2490 704 2579 Q.
747 2492 840 2557 M.
880 2492 1170 2560 Scaevolae
1213 2497 1477 2579 junioris
1532 2492 1872 2585 discipulus
1928 2505 1993 2559 et
2041 2490 2370 2559 Ciceronis
2418 2493 2667 2555 amicus
2703 2518 2720 2571 3

694 2760 1151 2864 (1)‘Haub01d‚
1184 2786 1230 2847 l.
1262 2808 1319 2847 c.
1352 2786 1425 2869 Μ
1464 2786 1614 2869 194,
1648 2786 1794 2870 ι95,
1829 2810 1891 2868 p.
1932 2785 2221 2847 loo-115.
2250 2787 2673 2845 Macieiowski
2710 2835 2727 2861 ‚

522 2918 538 2928 α
610 2885 657 2949 l.
696 2912 750 2950 c.
789 2914 852 2973 p.
900 2893 1216 2972 132-1433
1269 2892 1564 2971 146-152.

697 2998 811 3076 (2)
847 3000 1071 3060 Merita
1124 3000 1512 3082 Scriptorum
1564 3023 1961 3061 romanorum
2015 3002 2333 3062 verissime
2387 3019 2725 3080 exposuere

611 3102 689 3182 de
707 3103 977 3166 Sivmmr
1006 3110 1069 3166 in
1093 3108 1431 3189 opusculo:
1463 3109 1534 3171 V
1518 3130 1617 3168 om
1641 3109 1860 3188 Bemqf'
1875 3131 2094 3168 unsrer
2119 3109 2391 3188 Zeimfilr
2416 3109 2732 3187 Gesezge-

614 3210 774 3290 hang
817 3216 947 3272 und
985 3214 1642 3298 Rechtswissensclzcfi
1677 3263 1695 3291 ,
1745 3216 2119 3294 Heidelberg
2153 3263 2169 3287 ‚
2230 3213 2382 3291 1814
2415 3255 2439 3287 2
2499 3236 2559 3295 p.
2632 3214 2725 3292 14.

612 3319 833 3394 Bassi,
895 3320 1175 3379 Annales
1232 3321 1309 3379 de
1376 3320 1765 3400 ἰεῖἕίεῖαῐίοη,
1806 3323 1881 3382 T.
1914 3323 1981 3395 I,
2045 3345 2106 3404 p.
2156 3324 2296 3404 377.
2371 3320 2624 3380 Holtius
2665 3324 2734 3379 in

612 3425 1145 3487 commentatione
1210 3427 1287 3486 de
1363 3428 1726 3488 auctoritate
1798 3429 2093 3488 JCtorum
2161 3448 2557 3487 romanorum
2630 3449 2738 3486 re·-

614 3535 968 3593 centissime
1014 3532 1093 3593 ab
1143 3534 1441 3594 Instituto
1479 3523 1719 3616 belgico
1757 3546 2046 3595 coronata
2083 3546 2146 3594 et
2184 3532 2520 3616 publicata.
2569 3533 2739 3592 Vide

506 3723 509 3726 Ι
615 3637 779 3699 infra
821 3659 883 3720 p.
925 3659 1047 3722 29,
1090 3661 1156 3698 n.
1199 3642 1259 3699 3.

702 3744 807 3823 (3)
850 3745 1015 3805 Vide
1056 3746 1329 3805 Institut.
1372 3767 1538 3806 meas
1573 3745 1683 3806 lib.
1729 3747 1817 3807 IV
1860 3757 1955 3805 2⁸.
1988 3746 2139 3808 edit.
2166 3793 2183 3822 ,
2225 3746 2253 3828 §
2284 3744 2385 3808 56.
2432 3745 2685 3804 Gibbon
2724 3793 2741 3820 ,

620 3847 837 3908 Pre'cis
877 3848 1287 3912 deviantem·
1329 3850 1416 3910 du
1453 3852 1617 3912 droit
1656 3855 1900 3912 romain
1925 3898 1942 3927 ,
1978 3864 2049 3912 n⁰
2096 3872 2212 3929 ¹23
2252 3861 2314 3911 et
2357 3848 2747 3933 Considera-

620 3955 782 4012 eions
835 3975 942 4014 sur
987 3955 1205 4017 l'e'tude
1270 3956 1355 4016 du
1400 3957 1568 4017 droit
1623 3961 1869 4019 romain
1904 4007 1920 4034 ,
1978 3959 2066 4020 ib.
2126 3982 2195 4041 p.
2247 3955 2744 4033 XII-XXV113

626 4055 910 4137 Themis,
953 4062 1031 4122 T.
1077 4066 1139 4124 ll
1171 4110 1189 4140 ‚
1233 4086 1298 4145 p.
1346 4064 1490 4147 375.
1911 4053 1916 4056 .
