2893 4778
463 308 543 386 jz
559 323 588 370 1
604 318 642 371 2
831 309 1350 372 conmanunt
1379 305 1611 372 *smus-
1628 307 1929 370 ‘noum
1980 275 2306 372 rammi.

491 444 750 513 -sublato
769 435 796 525 ‚¹
836 443 946 510 alii
977 445 1364 536 ‘cuicumque
1404 441 1721 511 aedfficare·
1750 444 1969 511 licebit
2011 447 2035 528 (·
2062 471 2084 512 1
2118 450 2163 531 ).
2196 444 2522 512 Animalia
2557 447 2629 510 in'

500 562 662 628 mari
727 557 829 626 vel
873 560 943 623 in
994 566 1138 623 ae're
1190 559 1474 624 viventia
1531 560 1716 625 sicuti
1766 572 1976 626 ce'tera
2032 559 2167 626 fera
2216 560 2289 625 in
2346 558 2627 626 naturali

496 669 793 740 libertate
835 672 1152 737 morantia
1203 676 1385 737 extra
1431 673 1887 738 commercium
1929 698 2059 739 non
2102 674 2426 739 habentur
2446 724 2463 752 ,
2514 671 2629 739 sed

478 804 604 857 -res
658 767 894 853 nulliua
937 797 1090 851 sunt
1143 786 1258 868 (2)
1315 807 1457 876 quae
1500 787 1713 876 primo
1765 781 2101 876 occupanti
2157 790 2584 877 acquiruntur
2602 836 2622 864 ‚

504 927 641 989 non
676 902 888 981 minus
938 924 1011 967 ac
1051 921 1320 993 gemmae
1348 912 1413 966 et
1456 895 1696 991 lapilli,
1740 921 1887 992 quae
1929 901 1998 966 in
2041 899 2261 967 littore
2289 899 2395 985 (3)
2435 900 2630 966 maris

496 1017 964 1084 inveniuntur.
2055 993 2062 1000 ⁹

598 1129 708 1197 68.
752 1126 1032 1194 Publioae
1049 1150 1150 1193 res
1173 1139 1355 1207 sunt,
1377 1152 1522 1220 quae
1548 1133 1618 1192 in
1639 1129 2026 1220 proprietate
2047 1126 2309 1221 populi,
2335 1125 2632 1193 omnium

508 1270 654 1316 usul
680 1244 1008 1310 destinatae
1047 1253 1196 1308 sunt
1244 1240 1359 1327 (4)
1381 1266 1419 1324 3·
1459 1269 1590 1335 quo
1626 1242 1997 1311 referuntur
2036 1244 2158 1311 viae
2206 1240 2477 1335 publicae
2508 1241 2633 1327 (5)

510 1369 578 1423 et
619 1355 760 1425 loca
814 1356 1069 1460 publiea
1096 1407 1113 1435 ‚
1175 1354 1448 1422 flumina
1492 1358 1799 1449 perennia
1861 1357 1978 1440 (6)
2046 1356 2180 1424 sive
2243 1352 2638 1448 navigabilia

471 1560 476 1566 ’
514 1471 646 1538 sive
707 1469 829 1536 alia
889 1483 955 1537 et
996 1481 1236 1562 portus,
1279 1468 1437 1535 Inde
1484 1472 1553 1536 in
1611 1470 1732 1536 illis
1777 1472 1870 1536 ire
1928 1484 1994 1537 et
2049 1495 2273 1562 agere,
2339 1471 2410 1535 in
2457 1468 2637 1535 hisce

514 1586 816 1677 navigare
859 1597 970 1651 aut
1003 1585 1232 1676 piscari
1267 1584 1502 1675 cuique
1540 1585 1817 1651 liberum
1840 1598 1958 1652 est.
2021 1565 2206 1678 Ripae
2246 1577 2366 1675 (7)
2417 1584 2642 1650 flumi-

512 1724 671 1766 num
706 1722 965 1790 quoque
1007 1696 1277 1789 publicae
1315 1711 1501 1764 sunt:
1561 1711 1841 1766 attamen
1897 1687 2299 1791 singulorum
2356 1687 2640 1791 propriae

286 1899 299 1919 .
367 1815 386 1828 ’
507 1810 655 1884 fieri
686 1821 982 1901 possuut3
1027 1832 1156 1899 quo
1193 1810 1262 1875 in
1299 1833 1448 1901 casu
1488 1832 1639 1904 vero
1682 1831 1830 1874 usus
1855 1805 2109 1876 illarum
2160 1807 2454 1901 publicus
2501 1828 2636 1877 esse

441 1958 452 1970 ·
514 1948 651 1991 non
700 1922 935 1992 desinit
989 1922 1137 2008 (8).

610 2192 722 2274 (1)
763 2192 831 2252 L.
889 2189 1002 2269 14,
1058 2191 1136 2252 D.
1199 2191 1270 2270 41
1308 2237 1326 2271 ,
1383 2213 1457 2267 1,
1517 2193 1626 2252 cit.
1683 2189 1730 2251 l.
1782 2187 1909 2269 45,
1965 2212 2065 2273 pr.
2107 2191 2188 2251 D.
2232 2184 2346 2267 41,
2395 2188 2471 2264 3,
2513 2187 2642 2270 (de

526 2322 782 2382 usucap.
825 2310 888 2359 et
942 2320 1157 2381 usurp.
1186 2299 1243 2378 ).
2316 2361 2320 2368 ,

611 2410 722 2489 (2)
767 2409 839 2467 L.
888 2409 926 2468 3
954 2454 971 2483 ‚
1017 2407 1097 2468 D.
1148 2405 1216 2466 h.
1266 2417 1315 2466 t.
1359 2405 1468 2466 Hae
1505 2426 1603 2466 res
1641 2425 1786 2488 ergo
1832 2407 2086 2491 proprie
2126 2422 2484 2466 communes
2515 2407 2647 2463 nou

529 2527 723 2594 sunt3
790 2525 1065 2576 attamen
1111 2525 1342 2574 certam
1396 2524 1637 2595 partem
1689 2515 1780 2573 rei
1831 2514 2175 2573 communis
2243 2508 2645 2594 singulorum

531 2625 667 2686 fieri
738 2641 918 2705 posse
979 2641 1051 2680 ex
1125 2641 1312 2702 supra
1359 2619 1545 2680 dictis
1587 2630 1777 2701 patet.
1833 2642 1899 2683 v.
1956 2620 2028 2680 L.
2093 2615 2197 2696 14,
2250 2639 2357 2700 pr.
2412 2616 2454 2679 l.
2513 2619 2596 2677 30
2628 2665 2651 2692 ,

526 2731 559 2814 §
605 2730 646 2810 4
669 2779 686 2807 ,
739 2733 820 2790 D.
877 2728 949 2807 41
984 2775 1001 2805 ,
1048 2749 1073 2789 1
1100 2774 1118 2804 ,
1151 2730 1259 2788 cit.
1293 2727 1460 2788 Male
1494 2749 1591 2788 res
1619 2746 1977 2788 communes
2012 2748 2161 2787 cum
2182 2725 2367 2785 rebus
2396 2722 2649 2784 nullius

527 2837 862 2905 confundit
880 2832 1188 2909 Toullier‚
1216 2832 1876 2914 Dmiecivilfiunqais
1895 2879 1913 2908 ,
1939 2833 2015 2894 T.
2041 2833 2150 2907 111,
2182 2846 2274 2891 no.
2307 2850 2411 2913 27,
2445 2840 2510 2890 et
2541 2830 2651 2892 36.

609 2942 725 3020 (3)
771 2941 1113 3023 Quousque
1149 2938 1329 3001 littus
1382 2942 1572 3001 maris
1607 2939 1977 3001 extendatur
2001 2980 2028 3013 ,
2060 2938 2364 2999 definitur
2398 2936 2463 2996 in
2505 2935 2535 3018 ς
2570 2938 2650 3014 3,

528 3052 581 3111 1.
627 3047 694 3107 h.
750 3058 796 3107 t.
847 3044 890 3108 l.
943 3046 1068 3128 96,
1132 3068 1229 3129 pr.
1278 3046 1357 3107 D.
1403 3045 1528 3123 50,
1593 3046 1683 3109 16.
1763 3046 2053 3127 Maiansii
2120 3043 2353 3126 disput.
2406 3045 2506 3119 Π,
2545 3065 2649 3127 7ο,

533 3148 840 3219 Averanii
893 3139 1218 3234 interpret.
1270 3153 1339 3229 1,
1391 3173 1470 3213 20
1502 3200 1520 3229 ,
1569 3174 1633 3213 n.
1685 3153 1746 3212 3.

613 3258 730 3342 (4)
775 3257 805 3342 §
845 3278 922 3334 2,
966 3255 1008 3335 4
1052 3257 1099 3318 l.
1131 3256 1197 3317 h.
1229 3268 1279 3318 t.
1331 3258 1466 3339 Gaj.
1515 3257 1612 3331 11,
1652 3255 1681 3338 §
1730 3277 1840 3333 10,
1884 3277 1976 3318 11.
2022 3255 2093 3315 L.
2136 3253 2228 3329 6,
2267 3275 2367 3336 pr.
2401 3252 2482 3312 D.
2526 3253 2669 3332 18(

537 3387 564 3426 1
602 3413 621 3443 ,
691 3364 807 3444 (de
867 3348 1150 3423 contrah.
1215 3374 1409 3444 empt.
1442 3365 1503 3443 ).
1548 3362 1917 3425 Communes
1985 3380 2083 3422 res
2129 3359 2470 3444 aliquando
2514 3381 2655 3444 pu·

524 3472 708 3535 blicae
752 3470 1072 3531 dicuntur.
1647 3540 1656 3550 ⁶
1750 3484 1753 3489 ’

499 3564 519 3587 ‘
613 3582 725 3658 (5)
766 3554 892 3640 Dex
926 3564 1172 3642 viarum
1227 3556 1621 3661 publicarum
1673 3589 1736 3641 et
1789 3581 2178 3663 privatarum
2243 3577 2663 3651 distinctione,

531 3687 681 3753 vide
736 3684 785 3746 1.
837 3705 910 3760 1,
955 3681 1266 3766 §21-25,
1320 3683 1556 3762 1243,
1597 3683 1688 3764 8,
1734 3686 1847 3770 (ne
1882 3685 2035 3777 quid
2078 3688 2146 3744 in
2187 3683 2307 3744 100.
2355 3662 2537 3766 publ.
2562 3686 2613 3766 2.

604 3792 715 3871 (6)
755 3793 828 3852 L.
875 3812 898 3851 1
935 3836 953 3868 ‚
1003 3788 1031 3872 ᾖ
1086 3791 1160 3867 3,
1221 3791 1300 3852 D.
1347 3787 1427 3869 43
1460 3839 1473 3862 ,
1521 3811 1626 3867 12,
1686 3792 1826 3874 (de
1868 3792 2268 3867 fluminibuS,
2310 3791 2512 3870 etc.).

484 3904 493 3910 '
535 3920 538 3923 ·
612 3899 726 3979 (7)
771 3894 943 3973 Quid
987 3895 1071 3957 sit
1110 3898 1290 3979 ripa,
1330 3894 1463 3959 vid.
1512 3897 1578 3957 in
1614 3895 1659 3957 1.
1718 3898 1797 3974 3,
1842 3896 1871 3980 §
1930 3919 1952 3958 1
1987 3943 2006 3976 ‚
2041 3917 2099 3958 2.
2145 3897 2226 3956 D.
2281 3894 2419 3956 eod.

585 4003 740 4084 ·(8)
788 4000 1080 4084 §4.1.h.
1116 4013 1165 4062 t.
1198 3997 2299 4086 L.5‚p1·.D.ib.1.30,§1,D.41
2333 4046 2349 4077 ,
2389 3998 2657 4060 rcit.l'..

537 4127 646 4173 un.
675 4109 710 4193 ᾗ
737 4105 782 4170 8
811 4108 896 4171 D.
917 4106 1005 4189 ,43
1031 4153 1057 4191 ,
1092 4105 1166 4191 14
1194 4110 1311 4193 (ut
1346 4110 1415 4199 in
1444 4107 1703 4178 flumine
1736 4109 1994 4206 nubilae,
2025 4110 2324 4192 navigare
2356 4105 2547 4170 liceat
2568 4106 2648 4188 ).·
