2893 4778
598 313 692 401 58
922 343 1434 395 eouuznmnn
1484 345 1685 394 smus
1736 346 2019 396 nonum
2069 346 2388 403 rma-rx.

687 468 860 535 Cum
894 468 1228 535 Pandectae
1264 466 1456 533 studii
1489 471 1558 531 in
1587 467 1817 534 scholis
1851 493 2032 534 causa
2067 470 2465 560 potissimum
2502 484 2712 541 essent

595 584 957 675 compositas
989 634 1006 662 ,
1050 607 1269 648 earum
1314 581 1671 647 conditores
1713 586 2132 653 necessarium
2174 608 2300 648 esse
2340 584 2705 665 duxerunt,

595 711 668 765 ut
701 697 863 763 liber
888 695 1199 762 elementa
1227 697 1505 763 universi
1534 698 1688 783 juris
1715 697 2045 762 continens
2076 697 2374 763 eumdem
2406 700 2474 763 in
2504 698 2707 767 finem.

592 822 1081 903 componeretur
1111 861 1127 889 ‚
1181 814 1362 895 cujus
1407 808 1751 901 explicatio
1793 809 2265 878 Pandectarum
2306 811 2710 903 explanatio-

591 952 741 997 nem
772 925 1178 1019 praecederet.
1216 925 1570 1016 Compositi
1605 928 1807 1017 igitur
1848 939 1994 994 sunt
2036 929 2519 995 Institutionum
2547 929 2703 997 libri

592 1054 891 1133 quatuor,
914 1065 1067 1132 quae
1089 1053 1233 1105 ante
1257 1041 1516 1131 Digesta
1541 1039 1838 1106 absolutae
1861 1056 1924 1108 et
1949 1041 2284 1134 publicatae
2319 1043 2482 1109 XXI
2499 1046 2563 1112 N
2564 1069 2666 1115 ov.
2682 1097 2707 1127 ‚

591 1180 739 1223 cum
771 1157 873 1221 his
901 1154 1089 1221 simul
1124 1151 1279 1244 legis
1309 1156 1682 1219 auctoritate
1716 1157 1980 1225 munitae
2010 1169 2181 1223 sunt.

678 1269 978 1336 Plurimae
1028 1282 1241 1334 autem
1294 1266 1533 1333 fiebant
1559 1318 1576 1346 ‚
1629 1292 1782 1334 cum
1828 1270 2060 1361 scripta
2108 1262 2703 1358 jurisconsultorum

590 1379 1043 1476 colligerentur
1064 1434 1081 1462 ‚
1120 1382 1276 1469 juris
1304 1382 1690 1447 mutationes
1720 1431 1737 1461 ,
1780 1381 1982 1448 multa
2013 1384 2169 1468 juris
2207 1386 2456 1476 antiqui
2488 1388 2704 1476 capita

512 1554 518 1559 .
591 1496 827 1564 abolita
852 1550 869 1577 ,
907 1498 1206 1589 plurima,
1244 1520 1385 1587 quae
1440 1497 1513 1561 in
1555 1495 2037 1586 desuetudinem
2077 1500 2390 1579 abierant,
2430 1504 2656 1568 omissa
2675 1553 2698 1583 ‚

591 1611 1009 1705 plurimaeque
1081 1613 1238 1700 juris
1301 1612 1676 1703 quaestiones
1736 1624 2155 1681 controversae
2224 1641 2259 1680 a
2327 1613 2365 1680 J
2369 1618 2699 1701 ustiniano

590 1725 1015 1818 singularibus
1071 1726 1624 1793 constitutionibus
1683 1724 1920 1792 decisae.
2013 1729 2318 1820 Antiquae
2365 1730 2699 1820 ,jurispru—

591 1836 824 1904 dentiae
860 1835 1050 1903 facies
1086 1841 1154 1905 in
1185 1851 1394 1904 totum
1432 1837 1564 1905 fere
1601 1852 1845 1905 mutata
1894 1840 2046 1906 fuit.
2093 1840 2249 1907 Inde
2277 1840 2515 1908 factum
2559 1853 2656 1908 est
2677 1895 2698 1921 ‚

591 1964 666 2018 ut
706 1953 1228 2043 constitutionum
1285 1951 1510 2019 Codex
1557 1953 1882 2019 emendari
1920 1967 1985 2021 et
2041 1953 2164 2020 illis
2221 1958 2376 2042 juris
2404 1955 2700 2047 partibus

589 2065 876 2159 adaptari
897 2066 1156 2134 deberet
1189 2095 1205 2133 ε
1239 2067 1441 2133 codex
1474 2068 1677 2160 igitur
1711 2074 2009 2159 repetitae
2037 2066 2482 2160 firoelectzbmls
2506 2093 2700 2136 com-

588 2183 832 2273 positus
856 2233 874 2262 ,
933 2195 1173 2251 veteres
1233 2193 1545 2249 correctas
1609 2206 1930 2273 novasque
2007 2181 2249 2249 additas
2309 2182 2700 2274 amplectens

592 2298 1088 2365 constitutiones,
1136 2296 1505 2364 Publicatus
1544 2308 1638 2366 est
1680 2297 1845 2365 XVI
1867 2295 2460 2378 Nov.DXXXIV‚
2493 2297 2698 2364 abro-

520 2471 523 2476 .
591 2428 740 2508 gato
784 2412 1019 2481 Codice
1047 2415 1263 2506 priori.

688 2528 876 2593 Hisce
936 2525 1409 2593 collectionibus
1435 2576 1454 2606 ‚
1540 2550 1748 2593 unum
1809 2551 2035 2619 corpus
2101 2527 2632 2594 constituentibus
2668 2578 2692 2607 ,

592 2641 779 2712 omne
798 2648 896 2731 jus
919 2640 1373 2734 comprehendi
1408 2655 1475 2708 et
1513 2646 1688 2735 regi,
1718 2645 1757 2709 J
1761 2644 2111 2710 ustinianus
2146 2642 2350 2710 voluit
2368 2695 2384 2723 ‚
2415 2641 2703 2709 nullam-

589 2781 714 2849 que
751 2755 941 2821 aliam
979 2756 1417 2822 auctoritatem
1446 2780 1734 2846 unquam
1785 2757 1855 2820 in
1916 2756 2185 2847 imperio
2240 2777 2503 2820 romano
2564 2753 2695 2820 ad-

546 2897 553 2904 ’
585 2869 983 2938 mittendam.
1022 2867 1286 2934 Nullam
1322 2870 1586 2937 omnino
1627 2871 1795 2936 inter
1834 2868 2075 2937 diversa
2116 2881 2249 2936 tam
2282 2879 2696 2935 extensorum

586 2981 907 3049 librorum
933 2982 1073 3050 loca
1113 2985 1382 3051 inveniri
1416 3007 1593 3075 posse
1621 2984 2037 3049 antinomiam
2079 2981 2179 3049 vel
2216 2983 2530 3049 contraria
2571 3007 2698 3073 po-

588 3099 706 3164 sita
728 3149 745 3176 ‚
799 3100 1047 3190 putavit
1075 3109 1263 3191 atque
1309 3098 1648 3189 praecepit3
1708 3095 1981 3187 deniq-ue
2022 3094 2352 3162 interdixit
2396 3096 2726 3162 omnihus·

588 3214 1057 3278 commentariis
1108 3214 1275 3279 circa
1319 3216 1413 3299 jus
1455 3235 1641 3284 suum
1679 3210 1803 3276 hoc
1838 3209 2315 3301 componendis,
2387 3208 2698 3276 Paratitla

585 3338 837 3396 tantum
885 3324 987 3393 vel
1033 3338 1353 3392 accuratas
1404 3326 1716 3393 versiones
1768 3348 1998 3416 graecas
2034 3325 2306 3390 scribere
2375 3326 2699 3418 permisit.
2793 3348 2806 3362 “

676 3441 771 3507 At
806 3416 1180 3532 imperator,
1217 3465 1333 3532 per
1367 3440 1640 3532 triginta
1677 3437 1886 3504 adhuc
1926 3462 2122 3505 aennos
2157 3450 2297 3530 post
2334 3437 2695 3508 absolutam

511 3617 515 3621 ,
584 3553 753 3622 hanc
828 3556 982 3641 juris
1062 3554 1499 3621 collectionem
1574 3577 1845 3645 regnans
1875 3603 1894 3632 ‚
1956 3577 2149 3620 novas
2214 3553 2700 3621 constitutiones

584 3672 873 3736 emittere
919 3695 1052 3736 non
1088 3670 1376 3749 cessavit,
1423 3692 1566 3760 quae
1607 3668 1687 3732 ab
1737 3670 1873 3760 ipso
1919 3669 1988 3733 in
2032 3691 2236 3733 unum
2279 3689 2507 3756 corpus
2555 3691 2695 3736 non

585 3783 864 3854 collectae
886 3766 919 3863 ,i
946 3782 1057 3850 sed
1093 3784 1427 3875 separatim
1472 3781 1731 3850 detectae
1753 3834 1769 3863 ,
1814 3780 2027 3848 medio
2083 3804 2217 3848 aevo
2265 3781 2504 3846 caeteris
2537 3783 2697 3865 juris

578 3898 937 3985 justinianei
983 3898 1268 3990 partibus
1305 3895 1719 3964 Novellarum
1753 3897 2011 3962 nomine
2053 3894 2284 3961 additae
2316 3905 2480 3959 sunt.
2515 3895 2692 3961 Pro-

578 4009 791 4077 habile
819 4024 912 4080 est
941 4011 1140 4087 varias
1166 4010 1374 4080 adhuc
1412 4009 1721 4100 ejusmodi
1738 4010 2078 4079 Justiniani
2102 4009 2269 4102 leges
2288 4006 2692 4076 absconditas

575 4123 785 4198 latere.
