2893 4778
473 261 622 351 416
783 285 1290 340 conunnunn
1340 288 1541 335 smus
1591 287 1872 337 nonum
1923 289 2240 339 rva'n.

476 411 733 505 quando
777 412 1039 504 aequitas
1093 409 1162 477 id
1208 410 1483 503 postulat
1510 462 1527 491 ‚
1572 436 1692 484 nec
1735 437 1868 480 non
1921 413 2260 508 eliquando
2306 419 2589 509 pretium

476 530 558 596 ab
591 554 670 597 eo
704 554 826 620 pro
867 552 937 594 re
974 525 1271 614 solutum.
1315 527 1516 617 Quod
1549 509 1632 594 ad
1673 529 1985 622 impensas
2017 534 2245 601 attinet
2265 585 2283 616 ,
2331 535 2467 602 haec
2498 549 2594 603 est

472 646 859 716 'vindicantis
898 643 1208 736 obligatio
1242 673 1261 710 ε

401 759 404 762 ’
569 786 632 827 a.
679 762 986 852 Impensae
1020 811 1037 838 ,
1091 761 1163 824 in
1201 757 1457 825 fructus
1505 757 1924 826 restituendos
1978 759 2160 827 factae
2217 787 2465 855 semper
2508 764 2592 830 ab

477 889 686 942 actore
723 873 1092 966 praestandae
1139 885 1287 939 sunt
1324 925 1340 951 ,
1394 897 1546 939 cum
1594 872 1842 940 fructus
1904 899 2041 941 non
2089 874 2535 967 intelligantur
2561 929 2580 958 ‚

480 992 600 1055 nisi
658 988 945 1057 deductis
992 988 1288 1080 impensis
1323 1012 1344 1070 ς
1399 1007 1524 1053 'nec
1568 989 1912 1079 quicquam
1966 991 2137 1058 inter
2189 991 2378 1057 bonae
2435 991 2591 1059 fidei

479 1125 893 1194 possessorem
929 1112 997 1167 et
1031 1098 1400 1193 praedonem
1433 1102 1696 1167 interest
1735 1105 1757 1183 (
1781 1126 1802 1168 ι
1827 1105 1872 1185 ).

571 1214 639 1279 b.
681 1213 890 1281 Simili
928 1212 1121 1281 modo
1157 1216 1456 1305 impensae
1491 1216 1850 1279 necessariae
1891 1216 1962 1279 in
1992 1239 2126 1280 rem
2169 1217 2369 1307 ipsam
2406 1214 2591 1283 factae

478 1341 544 1395 et
581 1330 768 1395 bonae
822 1343 889 1395 et
928 1326 1108 1393 malae
1164 1325 1315 1392 fidei
1358 1330 1689 1417 possessori
1731 1328 2137 1397 restituendae
2189 1340 2341 1425 sunt
2370 1379 2390 1412 ,
2452 1328 2590 1395 solo

479 1443 620 1511 fure
670 1455 937 1535 excepto
980 1447 1121 1526 (τι).

498 1563 532 1635 ἦ
571 1582 633 1622 c.
678 1556 880 1622 Utiles
916 1558 1215 1647 impensoe
1256 1578 1406 1623 vero
1445 1552 1628 1620 malae
1664 1554 1815 1622 fidei
1847 1558 2176 1648 possessori
2214 1580 2345 1623 non
2400 1557 2590 1622 resti-

489 1683 798 1751 tuuntur,
834 1668 942 1734 sed
975 1667 1115 1734 tolli
1147 1669 1227 1733 ab
1254 1692 1330 1734 eo
1367 1681 1632 1759 possunt
1667 1667 1813 1754 (3).
1848 1671 2043 1736 Bonae
2074 1668 2223 1735 fidei
2256 1671 2592 1761 possessori

484 1784 751 1851 modicae
794 1785 1091 1875 impensae
1112 1832 1130 1864 ‚
1172 1806 1327 1873 quas
1360 1794 1426 1848 et
1469 1780 1765 1849 dominus
1805 1782 2048 1850 fecisset
2096 1796 2354 1850 eatenus
2403 1781 2593 1850 reddi

486 1897 722 1964 debent
742 1948 759 1975 ‚
793 1906 1105 1988 quatenus
1127 1918 1227 1960 res
1259 1892 1469 1961 adhuc
1495 1894 1721 1963 melior
1746 1910 1837 1963 est
1861 1924 1881 1980 3
1920 1896 2023 1965 vel
2062 1899 2254 1963 etiam
2278 1889 2584 1984 majores,

389 2032 395 2048 ¹
488 2037 636 2106 quae
663 2011 926 2079 domino
956 2011 1136 2077 oneri
1169 2035 1301 2077 non
1328 2022 1508 2090 sunt,
1539 2010 1796 2079 fortasse
1814 2010 1991 2103 quod
2017 2037 2154 2078 rem
2182 2010 2589 2104 distracturus

487 2141 597 2195 est.
655 2126 911 2216 Quibus
937 2122 1251 2192 solvendis
1286 2127 1338 2189 si
1361 2137 1619 2216 paratus
1658 2149 1790 2193 non
1820 2138 1912 2193 est
1928 2149 2241 2218 possessor
2261 2178 2280 2207 ,
2330 2150 2432 2191 eas
2458 2123 2586 2191 tol-

487 2239 660 2306 lendi
699 2244 919 2328 jus'est
945 2238 1206 2330 petitori
1250 2235 1393 2321 (4).
1445 2219 1446 2222 ¹

580 2354 997 2446 d.'Impensas
1025 2349 1455 2444 voluptuarias
1488 2348 1706 2419 tollere
1733 2363 1984 2420 tantum
2007 2364 2214 2444 potest
2238 2374 2583 2445 possessor,

484 2471 536 2535 si
590 2469 714 2534 hoc
757 2469 816 2533 ei
860 2465 1187 2557 expediat,
1234 2479 1300 2532 et
1343 2465 1513 2534 salva
1573 2467 1920 2533 substantia
1965 2466 2104 2532 fieri
2156 2468 2350 2558 possit
2390 2460 2415 2547 ,⁹
2469 2490 2588 2532 nec

357 2584 360 2585 ⁷
488 2586 727 2679 petitor
760 2606 862 2647 eas
893 2578 1231 2647 refundere
1272 2578 1570 2646 maluerit
1609 2580 1739 2664 (5).

491 2728 498 2731 ’
581 2722 640 2763 e.
680 2696 872 2763 Actio
916 2696 1346 2791 impensarum
1374 2692 1952 2786 persequendarum
1985 2717 2167 2759 causa
2195 2717 2331 2763 non
2356 2692 2544 2761 datur-
2564 2747 2582 2776 ‚

495 2810 606 2878 sed
660 2811 1051 2902 exceptionis
1098 2834 1217 2901 ope
1245 2811 1534 2901 ¹'retinere
1578 2833 1718 2877 rem
1767 2822 1974 2902 potest
2023 2833 2166 2876 reus
2205 2861 2224 2890 ,
2286 2808 2592 2881 donecei.
2668 2897 2677 2903 ι

574 3160 685 3234 (ι)
729 3157 800 3217 L.
851 3155 977 3233 36,
1024 3156 1054 3239 §
1098 3155 1215 3217 ult.
1250 3204 1267 3233 ,
1312 3158 1391 3218 D.
1434 3155 1517 3233 5,
1563 3158 1646 3233 3,
1689 3157 1805 3241 (de
1843 3155 2059 3257 hered.
2105 3157 2384 3239 petit.);
2423 3153 2473 3217 l.
2515 3175 2580 3230 1,

496 3263 570 3352 C.
608 3285 642 3347 7
670 3311 687 3339 ‚
737 3263 807 3324 51
839 3310 857 3340 ,
906 3265 1025 3341 (de
1063 3262 1325 3345 (αισι),
1366 3262 1410 3324 l.
1449 3262 1571 3342 46,
1609 3265 1689 3325 D.
1729 3283 1854 3344 22,
1901 3286 1977 3339 ι,
2017 3263 2136 3342 (de
2170 3264 2446 3344 usuris).

574 3398 693 3472 (2)
735 3394 805 3453 L.
842 3393 915 3470 5,
947 3395 1020 3455 C.
1052 3393 1118 3454 h.
1149 3406 1232 3474 t.;
1263 3394 1307 3456 l.
1334 3397 1439 3473 13,
1468 3394 1549 3454 D.
1590 3397 1660 3457 13
1685 3441 1704 3472 ‚
1740 3416 1764 3456 1
1793 3441 1811 3473 ‚
1844 3394 1961 3475 (de
1990 3393 2228 3456 condic.
2263 3393 2584 3474 furtiva„

491 3497 539 3560 l.
590 3522 612 3559 1
646 3549 662 3575 ‚
706 3499 775 3560 C.
806 3498 846 3560 8
870 3545 888 3570 ,
928 3499 1004 3562 52
1028 3547 1045 3576 ,
1092 3500 1211 3575 (de
1244 3501 1537 3591 infantib.
1578 3504 1852 3584 expOS.).

576 3633 713 3712 (3)
759 3628 1073 3709 L.5‚C.
1119 3630 1186 3691 h.
1234 3642 1281 3691 t.

577 3760 814 3846 (4)Ι.
862 3782 974 3845 27,
1019 3762 1170 3844 55,
1215 3762 1261 3824 1.
1308 3762 1628 3841 28-30,l·
1669 3762 1787 3842 38,
1828 3764 1909 3826 n.
1955 3762 2022 3825 h
2069 3774 2122 3826 t.

582 3893 694 3973 (5)
737 3895 805 3955 L.
838 3892 1172 3971 38‚inf.,
1210 3896 1291 3956 D.
1324 3895 1515 3974 h.t.,
1555 3894 1713 3980 19
1743 3875 1825 3959 D.
1859 3897 1978 3975 25,
2015 3917 2089 3976 1,
2145 3893 2593 3980 (deimpensis

501 4001 570 4060 in
609 4019 740 4061 rem
771 3998 965 4066 dotal.
999 3941 1344 4087 ΐειοτίἑὶςλ
1380 3999 1462 4082 5,
1499 4002 1573 4068 C.
1607 4001 1674 4068 h.
1711 4013 1764 4066 t.
