2893 4778
1033 330 1563 385 m‘rnonuc‘no.
2251 346 2282 392 1
2297 321 2341 396 5

1119 532 1151 616 ς
1234 476 1442 599 vm.

1008 713 1126 783 De
1180 716 1581 786 Flebam-ms.
1633 704 1639 709 ’

304 899 640 970 Plebiscita
678 911 869 967 erant
914 897 1108 994 leges,
1144 928 1299 996 quas
1343 904 1579 997 plebeii
1616 906 1749 972 sine
1779 910 2057 1000 patriciis
2102 915 2172 980 in
2204 917 2331 981 tri-
2375 914 2381 918 ⁴

222 1016 382 1084 butis
430 1017 715 1084 comitiis
733 1066 750 1095 ‚
781 1011 1050 1108 rogante
1099 1019 1432 1098 Tribuno,
1479 1018 1769 1100 ferebant
1813 1028 1948 1108 (1).
1998 1026 2332 1097 Plebiscita

218 1138 500 1228 primpm
567 1131 734 1201 solos
787 1133 1066 1226 plebeios
1115 1113 1456 1219 tenebant,
1506 1137 1711 1206 donec
1763 1138 2007 1231 legibus
2066 1144 2333 1214 Horatia

220 1263 278 1317 et
316 1250 589 1319 Valeria
630 1259 1014 1316 statueretur
1027 1299 1043 1328 ‚
1079 1262 1151 1315 ut
1168 1300 1185 1330 ‚
1242 1249 1417 1342 quod
1463 1252 1756 1335 tributim
1795 1254 1973 1346 plebs
2021 1261 2290 1346 jussisset
2310 1315 2330 1344 ‚

219 1363 531 1458 populum
590 1375 872 1445 teneret3
935 1362 1112 1456 quod
1167 1362 1384 1455 postea
1456 1390 1575 1457 per
1633 1356 1800 1458 leges
1858 1370 2202 1440 Publiliam
2263 1389 2331 1444 et

225 1479 626 1545 Hortensiam
670 1477 1121 1543 confirmatum
1163 1491 1279 1543 est
1299 1483 1435 1563 (2).
1482 1479 1781 1548 Plurimae
1829 1480 1996 1576 leges
2040 1491 2139 1576 jus
2182 1492 2327 1581 pri-

227 1605 436 1661 vatum
501 1603 854 1684 spectantes
919 1590 1246 1682 plebiscita
1325 1606 1515 1675 sunt,
1568 1620 1689 1662 nec
1751 1620 1998 1666 summa
2048 1599 2183 1669 laus
2250 1606 2330 1672 iis

224 1703 523 1801 denegari
589 1718 819 1799 potest.
910 1704 1226 1772 Tribunis
1302 1720 1472 1774 certe
1538 1708 1696 1775 illud
1752 1702 2110 1795 senatoreS‚
2176 1743 2327 1786 cum

219 1823 610 1915 temporibus
671 1820 885 1887 liberae
929 1819 1290 1912 reipublicae
1335 1826 1577 1912 majora
1630 1841 1963 1918 gererent,
2003 1830 2327 1924 relinque-

222 1936 369 2003 bant
390 1989 408 2019 ,
452 1949 527 2002 nt
550 1937 706 2023 juris
732 1934 932 2003 civilis
961 1960 1182 2003 curam
1211 1937 1538 2004 haberent.
1581 1937 1912 2009 Plebiscita
1946 1946 2131 2012 sicuti
2152 1946 2326 2042 leges

218 2075 455 2118 nomen
500 2050 585 2114 ab
648 2074 724 2116 eo
773 2051 1170 2142 accipiebant
1193 2102 1211 2131 ‚
1272 2056 1448 2141 cujus
1505 2056 1836 2145 rogatione
1898 2055 2024 2123 lata
2077 2076 2277 2129 essent
2302 2113 2323 2146 ‚

218 2154 409 2233 ueluti
453 2163 562 2230 lex
606 2163 870 2255 Aquilia
886 2215 902 2243 ‚
941 2163 1233 2231 Plaetoria
1260 2217 1275 2245 ‚
1334 2179 1583 2238 caetera.
1640 2168 1778 2240 Sub
1830 2174 2323 2269 imperatoribus

221 2277 393 2348 nulla
432 2277 703 2373 amplius
750 2276 1077 2370 plebiscita
1107 2278 1368 2348 fiebant.

1151 2470 1181 2555 §
1254 2468 1382 2558 lx.
1438 2427 1443 2442 '

786 2634 903 2701 De
945 2581 1549 2702 Senatasconiultis
1596 2637 1731 2724 (3).

299 2825 397 2893 De
432 2824 1140 2895 senatusconsultorum
1185 2826 1355 2891 circa
1398 2830 1500 2913 jus
1547 2823 1732 2892 civile
1780 2828 2152 2895 auctoritate
2187 2826 2318 2898 du·

220 2937 403 3007 rante
425 2940 757 3033 republica
776 2993 791 3021 ‚
837 2940 1210 3032 interpretes
1247 2938 1524 3005 multum
1560 2937 1991 3030 disputabant.
2040 2944 2318 3012 Heinec-

222 3058 345 3125 cius
373 3058 546 3126 enim
598 3054 705 3143 (4)
739 3066 805 3121 et
835 3056 949 3148 qui
979 3079 1128 3122 eum
1168 3068 1553 3146 sequuntur,
1600 3067 1884 3123 senatum
1920 3070 2068 3124 ante
2113 3060 2317 3130 Tibe-

292 3328 402 3408 (1)
444 3326 475 3409 §
515 3322 661 3402 41
706 3346 760 3385 ι.
804 3344 863 3384 2.
897 3324 1151 3405 (dejur.
1184 3334 1312 3384 nat.
1354 3334 1520 3405 gent.
1566 3325 1779 3386 etciv.
1798 3324 1821 3405 )
1860 3328 2139 3408 Gajusl.
2181 3328 2309 3409 §3.

293 3433 394 3515 (2)
438 3433 577 3494 Liv.
626 3431 742 3491 111.
778 3429 894 3512 553
923 3429 1121 3492 VIII.
1150 3450 1210 3491 2.
1259 3430 1338 3491 A.
1386 3429 1647 3491 Gellius.
1687 3429 1832 3492 XV.
1876 3433 2307 3515 173Theoph.

217 3539 287 3600 nd
331 3540 360 3622 §
401 3540 464 3601 5.
511 3540 558 3599 1.
604 3560 657 3599 1.
695 3558 757 3597 2.

296 3648 397 3729 (3)
445 3646 648 3706 Haub.
693 3645 846 3705 Inst.
895 3643 1045 3706 hist.
1077 3644 1218 3727 dog.
1254 3639 1284 3726 §
1335 3642 1640 3723 156-1603
1670 3644 1859 3705 Bach.
1892 3643 2004 3704 lib.
2038 3642 2120 3703 II.
2155 3667 2211 3706 c.
2245 3668 2304 3708 2.

220 3769 357 3819 sect.
403 3779 440 3818 2
492 3755 605 3818 lib.
650 3754 760 3813 111.
802 3776 857 3830 c.
903 3775 955 3815 1.
993 3765 1138 3814 sect.
1178 3755 1255 3830 33
1304 3775 1359 3812 c.
1411 3774 1470 3812 2.
1518 3764 1663 3813 sect.
1712 3773 1770 3813 2.

291 3863 395 3944 (4)
462 3860 781 3923 Heineccii
837 3861 1057 3942 Antiq.
1120 3860 1169 3919 Ι.
1200 3877 1279 3919 2.
1304 3858 1374 3941 §
1432 3856 1511 3936 45
1525 3858 1654 3921 55
1714 3857 1791 3918 111
1874 3858 2330 3944 Montesquieu

218 3970 457 4029 nonnisi
522 3987 797 4028 annuam
859 3968 1287 4026 auctoritatem
1359 3964 1912 4027 senatusconsultis
1979 3972 2301 4038 concessit.

217 4075 427 4160 Esprit
470 4074 575 4138 des
620 4074 764 4138 lois.
816 4072 1000 4141 Livre
1042 4073 1141 4152 11,
1189 4070 1375 4155 chap.
1412 4071 1512 4156 11,
1556 4073 1626 4132 in
1655 4070 1813 4154 fine.
1921 4077 1930 4084 '
